2538 3942
483 208 600 264 AGRIO.
615 208 667 262 VH
682 213 697 260 1
1032 209 1096 274 177

80 363 113 421 et
135 380 210 423 cum
227 360 432 442 pugnaturae
451 359 536 439 sunt,
557 355 677 420 facere:
701 377 838 439 quarum
857 377 1001 440 pugnam
1021 377 1095 420 con-

78 446 186 530 pescit
208 445 317 530 puluis
341 448 397 509 aut
418 445 541 509 mulsae
561 465 663 529 aquae
683 444 789 509 imber
808 466 968 528 aspersus.
1006 445 1094 510 inest

78 535 129 599 illi
158 535 199 600 ad
228 534 363 619 originis
393 555 469 598 suae
502 534 716 618 reparandam
749 533 956 598 concordiam
989 534 1093 598 dulcis

79 623 271 689 auctoritas.
317 623 372 687 sed
401 643 475 686 cum
503 644 537 687 se
566 623 697 708 agmina
725 622 772 687 sic
799 626 916 706 pacata
942 622 977 686 in
1002 643 1094 688 ramo

53 719 137 779 aaut
169 713 244 777 loco
276 732 479 796 quocumque
513 711 754 795 suspenderint,
792 711 820 776 si
856 711 951 775 unius
984 711 1094 775 uberis

79 801 253 867 eductione
276 800 472 884 pendebunt,
495 799 584 864 noris
608 804 665 864 aut
687 823 788 864 unum
807 821 917 885 regem
937 821 1008 864 esse
1026 800 1097 863 uni-

76 891 186 956 uersis
215 893 272 954 aut
299 888 517 955 reconciliabis
546 889 696 953 omnibus
726 911 855 954 manere
880 888 1095 954 concordiam.

77 980 105 1044 si
135 999 218 1044 uero
247 978 309 1042 duo
337 978 390 1041 uel
418 977 513 1061 plura
541 978 642 1042 ubera
670 977 867 1061 suspendens
897 1000 930 1042 se
954 977 1095 1061 populus

77 1069 245 1152 imitatur,
278 1071 311 1132 et
338 1067 501 1131 discordes
530 1071 607 1132 sunt
634 1071 667 1130 et
695 1070 747 1132 tot
774 1087 867 1152 reges
896 1088 982 1150 esse,
1015 1071 1095 1150 quot

40 1185 64 1224 ιι
77 1157 175 1222 uelut
201 1157 303 1220 ubera
329 1155 464 1240 uideris,
497 1156 701 1220 confitentur.
747 1156 804 1219 ubi
836 1155 953 1240 globos
984 1155 1139 1238 apiuml

76 1245 319 1330 frequentiores
352 1243 489 1328 uideris,
526 1248 624 1309 uncta
653 1242 757 1309 ‘manu
790 1265 868 1308 suco
901 1243 1097 1309 melissofilli

75 1337 131 1400 uel
163 1334 229 1418 apii
256 1355 349 1419 reges
378 1332 532 1417 requiras.
579 1337 657 1397 sunt
684 1337 793 1398 autem
824 1333 922 1417 paulo
953 1333 1094 1398 maiores

76 1429 109 1490 et
145 1423 307 1508 oblongae
340 1423 445 1507 magis
478 1444 576 1506 quam
611 1425 737 1487 ceterae
771 1442 863 1505 apes,
898 1420 1094 1488 rectioribus

76 1513 230 1578 cruribus
258 1533 361 1596 neque
390 1511 568 1596 grandibus
595 1511 723 1594 pennis,
755 1510 885 1594 pulchri
914 1511 1032 1575 coloris
1062 1516 1095 1576 et

38 1629 61 1668 ιι
74 1601 185 1686 nitidi,
209 1601 297 1664 leues
322 1600 390 1664 sine
413 1599 491 1683 pilo,
513 1599 577 1664 nisi
598 1599 684 1663 forte
703 1599 865 1684 pleniores
885 1600 979 1683 quasi
999 1601 1096 1684 capil-

75 1693 148 1755 lum
181 1692 300 1776 gerunt
330 1690 366 1752 in
397 1693 523 1772 uentre,
557 1709 620 1773 quo
653 1693 765 1753 tamen
796 1710 862 1753 non
889 1693 1027 1753 utuntur
1055 1691 1095 1754 ad

75 1781 208 1845 uulnus.
247 1782 323 1842 sunt
346 1777 403 1842 alii
421 1777 504 1842 fusci
523 1781 621 1861 atque
640 1776 768 1861 hirsuti,
793 1799 874 1862 quos
894 1781 1026 1862 oportet
1044 1801 1095 1843 ex-

74 1868 188 1954 tingui
207 1871 241 1931 et
258 1865 477 1951 pulchriorem
495 1865 642 1950 relinqui.
677 1866 732 1949 qui
752 1866 780 1930 si
796 1865 983 1950 frequenter
996 1888 1094 1952 uaga-

75 1963 133 2022 tur
154 1978 228 2022 cum
248 1953 459 2039 examinibus,
483 1955 603 2039 ereptis
624 1954 684 2019 alis
704 1958 902 2019 reseruetur:
924 1955 987 2020 hoc
1006 1953 1093 2020 enim

37 2074 61 2112 aa
75 2049 232 2110 manente
250 2044 340 2109 nulla
354 2044 505 2109 discedet.
529 2044 585 2108 sed
600 2044 627 2108 si
641 2044 733 2107 nulla
747 2047 923 2108 nascantur
937 2043 1094 2130 examina,
1117 2045 1137 2110 8

75 2136 219 2200 duorum
242 2134 294 2198 uel
319 2133 420 2197 trium
443 2132 687 2198 multitudinem
709 2132 917 2197 uasculorum
937 2131 972 2197 in
992 2155 1093 2196 unum

76 2223 227 2290 conferre
259 2243 445 2306 possumus:
482 2210 568 2286 dulci
601 2225 711 2286 tamen
744 2221 869 2304 liquore
903 2243 1093 2305 conspersas

76 2334 158 2398 apes
188 2316 285 2394 atque
312 2311 454 2377 inclusas
482 2332 540 2394 per
568 2311 713 2375 triduum
736 2310 918 2374 tenebimus
943 2309 1093 2393 adposito

77 2403 155 2468 cibo
184 2399 290 2464 mellis
319 2404 352 2464 et
381 2400 497 2484 exigua
524 2403 653 2463 tantum
682 2398 844 2484 spiracula
874 2399 1093 2483 relinquemus

37 2520 62 2558 aa
76 2491 112 2555 in
145 2489 233 2554 cella.
281 2489 367 2572 quod
396 2487 425 2552 si
451 2488 534 2553 uelis
563 2487 755 2568 aluearinm,
783 2487 835 2552 oui
862 2509 920 2570 per
949 2486 1094 2571 aliquam

153 2723 168 2770 1
198 2716 255 2771 sint
281 2717 313 2772 Ε
345 2720 348 2786 1
383 2715 506 2780 Quarum
538 2715 689 2785 compescit
720 2715 875 2770 tumultum
903 2715 997 2785 puluis
1033 2715 1060 2771 G
1089 2716 1092 2787 1

76 2805 178 2860 pugna
196 2789 223 2842 L
244 2791 254 2859 11
277 2795 293 2841 1
313 2788 407 2841 mulsa
430 2790 480 2841 aut
499 2786 590 2840 imber
609 2787 639 2840 Ε
659 2789 668 2857 11
691 2793 707 2840 3
730 2786 787 2840 illis
807 2786 898 2841 V’Fi
921 2790 930 2857 11
953 2792 968 2839 6
993 2787 1094 2840 educa

76 2861 158 2916 tione
177 2861 208 2913 E
223 2860 227 2930 1
243 2875 303 2913 esse
321 2875 417 2928 regem
435 2859 466 2912 Ε
487 2861 495 2928 11
519 2864 534 2911 9
553 2857 736 2912 inimicantur
753 2858 791 2912 Sl
807 2859 811 2928 1
828 2858 1023 2912 discordesunt
1042 2859 1070 2910 P
1071 2858 1098 2980 ,p

79 2939 114 2986 10
136 2948 221 3002 apum
241 2931 347 2986 GS¹E
357 2932 367 3012 l
383 2936 414 2984 11
433 2929 531 2984 iuncta
544 2930 593 2999 ΕΙ
610 2929 686 2983 succi
701 2947 724 2998 p
739 2931 743 2999 1
758 2929 851 2984 mellis
871 2927 954 2982 sofilli
973 2928 1062 2998 PLQ

78 3004 101 3058 S
107 3003 173 3069 Ta,
193 3001 366 3072 melisphylh
384 3003 408 3070 i,
427 3000 519 3055 mellis
539 2999 638 3054 solsilli
656 3002 698 3070 E,
722 2999 814 3054 mellis
830 3017 865 3068 p,
888 2997 1094 3069 melissophylli

78 3075 160 3130 ceteri
178 3076 187 3143 11
209 3080 241 3127 12
261 3089 341 3143 reges
360 3089 410 3127 ora.
427 3071 454 3126 G
476 3074 485 3142 11
509 3077 542 3126 13
561 3071 681 3142 oblonga
700 3071 854 3143 LQSTF,
874 3069 1014 3140 oblongae
1035 3071 1096 3126 GV

77 3147 162 3214 Eia,
183 3144 323 3214 oblongae
338 3144 372 3212 Ρ,
388 3141 504 3212 oblongi
518 3159 571 3213 eps
585 3146 593 3210 l
609 3149 642 3197 11
656 3142 748 3213 pumis
763 3142 794 3195 E
808 3144 811 3212 1
828 3140 994 3211 pulchrioris
1010 3144 1071 3211 etp
1084 3143 1094 3215 11

80 3223 114 3270 15
134 3215 212 3270 lenes
231 3215 337 3270 VFGa'
361 3217 365 3286 1
390 3214 482 3268 fronte
499 3231 552 3283 pro
570 3213 679 3284 fortep
701 3217 710 3284 11
734 3220 767 3267 16
790 3215 891 3282 gerant
911 3211 1093 3282 (11118ρώ-

78 3286 203 3342 chriores
217 3304 240 3356 p
255 3290 260 3357 1
276 3288 418 3356 negantur
432 3303 454 3354 p
467 3287 477 3353 11
499 3291 531 3338 19
551 3284 657 3356 eruptis
678 3285 712 3353 G,
732 3282 867 3353 exemptis
885 3284 909 3352 ι’,
929 3283 1047 3339 exsectis
1066 3304 1092 3352 a,

79 3358 186 3412 exectis
205 3376 258 3430 eps
274 3359 512 3483 praeemanturp
534 3359 543 3425 11
567 3362 600 3410 10
621 3359 775 3410 nascantur
793 3372 842 3408 ona.
860 3355 889 3408 Ε
910 3357 918 3424 11
942 3362 974 3409 21
994 3371 1093 3408 uascu-

79 3430 173 3485 lorum
190 3428 274 3483 multi
287 3428 403 3482 udinem
422 3444 499 3497 ceys
521 3431 531 3498 11
554 3433 587 3482 23
606 3430 671 3498 post
688 3427 815 3481 triduum
834 3427 868 3495 L,
888 3443 971 3496 emp
986 3429 991 3498 1
1009 3443 1094 3495 appo-

79 3501 134 3555 sito
152 3500 237 3555 melle
246 3501 277 3554 E
288 3503 298 3570 11
312 3506 346 3554 21
365 3502 394 3553 et
408 3516 458 3553 om.
469 3499 495 3552 L
511 3501 515 3570 1
532 3497 686 3569 spiramina
699 3499 730 3552 Ε
741 3499 750 3567 11
765 3503 797 3552 25
817 3514 873 3566 quo
888 3497 918 3551 di
932 3496 1033 3550 senelis
1044 3498 1072 3550 P
1087 3497 1092 3570 1

78 3572 126 3627 uel
140 3589 194 3641 pro
213 3570 284 3626 uelis
303 3571 333 3624 Ε

132 3673 272 3712 Panormus
287 3672 321 3713 ed.
332 3669 461 3712 Schmitt.
900 3662 932 3710 12
