<?xml version="1.0" encoding="UTF-8"?>
<!DOCTYPE html PUBLIC "-//W3C//DTD XHTML 1.0 Transitional//EN"
    "http://www.w3.org/TR/xhtml1/DTD/xhtml1-transitional.dtd">
<html xmlns="http://www.w3.org/1999/xhtml" xml:lang="en" lang="en">
 <head>
  <title>
</title>
<meta http-equiv="Content-Type" content="text/html;charset=utf-8" />
  <meta name='ocr-system' content='tesseract 3.04.00' />
  <meta name='ocr-capabilities' content='ocr_page ocr_carea ocr_par ocr_line ocrx_word'/>
</head>
<body>
  <div class='ocr_page' id='page_1' title='image "./palladiirutilii01pallgoog_0193.png"; bbox 0 0 2538 3942; ppageno 0'>
   <div class='ocr_carea' id='block_1_1' title="bbox 185 187 774 254">
    <p class='ocr_par' dir='ltr' id='par_1_1' title="bbox 185 187 774 254">
     <span class='ocr_line' id='line_1_1' title="bbox 185 187 774 254; baseline 0 -12"><span class='ocrx_word' id='word_1_1' title='bbox 185 190 249 254; x_wconf 78' lang='grc'><strong>174</strong></span> <span class='ocrx_word' id='word_1_2' title='bbox 604 187 774 242; x_wconf 85' lang='lat' dir='ltr'>PALLADII</span> 
     </span>
    </p>
   </div>
   <div class='ocr_carea' id='block_1_2' title="bbox 574 383 801 452">
    <p class='ocr_par' dir='ltr' id='par_1_2' title="bbox 574 383 801 452">
     <span class='ocr_line' id='line_1_2' title="bbox 574 383 801 452; baseline 0.009 -2"><span class='ocrx_word' id='word_1_3' title='bbox 574 385 634 451; x_wconf 78' lang='lat' dir='ltr'><strong>DE</strong></span> <span class='ocrx_word' id='word_1_4' title='bbox 658 383 801 452; x_wconf 83' lang='lat' dir='ltr'><strong>POMIS.</strong></span> 
     </span>
    </p>
   </div>
   <div class='ocr_carea' id='block_1_3' title="bbox 131 509 1261 2818">
    <p class='ocr_par' dir='ltr' id='par_1_3' title="bbox 131 509 1226 1039">
     <span class='ocr_line' id='line_1_3' title="bbox 131 509 1193 596; baseline -0.002 -18"><span class='ocrx_word' id='word_1_5' title='bbox 131 513 159 578; x_wconf 94' lang='lat' dir='ltr'>V</span> <span class='ocrx_word' id='word_1_6' title='bbox 248 509 322 576; x_wconf 80' lang='lat' dir='ltr'><strong>Hoc</strong></span> <span class='ocrx_word' id='word_1_7' title='bbox 345 511 445 576; x_wconf 88' lang='lat' dir='ltr'><strong>etiam</strong></span> <span class='ocrx_word' id='word_1_8' title='bbox 468 533 577 576; x_wconf 90' lang='lat' dir='ltr'><strong>mense</strong></span> <span class='ocrx_word' id='word_1_9' title='bbox 601 532 710 575; x_wconf 89' lang='lat' dir='ltr'><strong>ramus</strong></span> <span class='ocrx_word' id='word_1_10' title='bbox 733 510 857 596; x_wconf 76' lang='lat' dir='ltr'><strong>punici,</strong></span> <span class='ocrx_word' id='word_1_11' title='bbox 886 511 971 576; x_wconf 85' lang='lat' dir='ltr'><strong>sieut</strong></span> <span class='ocrx_word' id='word_1_12' title='bbox 993 533 1093 596; x_wconf 88' lang='lat' dir='ltr'><strong>supra</strong></span> <span class='ocrx_word' id='word_1_13' title='bbox 1115 513 1193 576; x_wconf 86' lang='lat' dir='ltr'><strong>dixi-</strong></span> 
     </span>
     <span class='ocr_line' id='line_1_4' title="bbox 181 598 1191 684; baseline 0.001 -20"><span class='ocrx_word' id='word_1_14' title='bbox 181 622 268 682; x_wconf 90' lang='lat' dir='ltr'>mus,</span> <span class='ocrx_word' id='word_1_15' title='bbox 290 599 414 684; x_wconf 89' lang='lat' dir='ltr'><strong>poterit</strong></span> <span class='ocrx_word' id='word_1_16' title='bbox 437 599 524 664; x_wconf 86' lang='lat' dir='ltr'><strong>intra</strong></span> <span class='ocrx_word' id='word_1_17' title='bbox 545 598 646 665; x_wconf 86' lang='lat' dir='ltr'><strong>fietile</strong></span> <span class='ocrx_word' id='word_1_18' title='bbox 668 600 838 665; x_wconf 88' lang='lat' dir='ltr'><strong>uasoulum</strong></span> <span class='ocrx_word' id='word_1_19' title='bbox 862 600 977 682; x_wconf 79' lang='lat' dir='ltr'><strong>claudi,</strong></span> <span class='ocrx_word' id='word_1_20' title='bbox 999 605 1037 664; x_wconf 86' lang='lat' dir='ltr'><strong>ut</strong></span> <span class='ocrx_word' id='word_1_21' title='bbox 1060 601 1191 666; x_wconf 87' lang='lat' dir='ltr'><strong>adeius</strong></span> 
     </span>
     <span class='ocr_line' id='line_1_5' title="bbox 182 688 1191 775; baseline 0 -22"><span class='ocrx_word' id='word_1_22' title='bbox 182 688 440 775; x_wconf 72' lang='lat' dir='ltr'><strong>magnitudinem</strong></span> <span class='ocrx_word' id='word_1_23' title='bbox 467 710 566 772; x_wconf 91' lang='lat' dir='ltr'><strong>poma</strong></span> <span class='ocrx_word' id='word_1_24' title='bbox 592 689 755 754; x_wconf 86' lang='lat' dir='ltr'><strong>restituat.</strong></span> <span class='ocrx_word' id='word_1_25' title='bbox 804 710 890 754; x_wconf 87' lang='lat' dir='ltr'><strong>nuno</strong></span> <span class='ocrx_word' id='word_1_26' title='bbox 918 689 991 774; x_wconf 90' lang='lat' dir='ltr'><strong>pira</strong></span> <span class='ocrx_word' id='word_1_27' title='bbox 1017 689 1071 754; x_wconf 92' lang='lat' dir='ltr'><strong>uel</strong></span> <span class='ocrx_word' id='word_1_28' title='bbox 1099 690 1191 770; x_wconf 87' lang='lat' dir='ltr'><strong>mela,</strong></span> 
     </span>
     <span class='ocr_line' id='line_1_6' title="bbox 181 777 1226 863; baseline -0.001 -20"><span class='ocrx_word' id='word_1_29' title='bbox 181 777 237 843; x_wconf 92' lang='lat' dir='ltr'><strong>ubi</strong></span> <span class='ocrx_word' id='word_1_30' title='bbox 265 799 373 842; x_wconf 88' lang='lat' dir='ltr'><strong>ramos</strong></span> <span class='ocrx_word' id='word_1_31' title='bbox 397 777 501 842; x_wconf 84' lang='lat' dir='ltr'><strong>multa</strong></span> <span class='ocrx_word' id='word_1_32' title='bbox 522 797 621 863; x_wconf 89' lang='lat' dir='ltr'><strong>poma</strong></span> <span class='ocrx_word' id='word_1_33' title='bbox 644 778 839 862; x_wconf 84' lang='lat' dir='ltr'><strong>densabant,</strong></span> <span class='ocrx_word' id='word_1_34' title='bbox 867 777 1093 863; x_wconf 88' lang='lat' dir='ltr'><strong>interlegenda</strong></span> <span class='ocrx_word' id='word_1_35' title='bbox 1115 783 1191 843; x_wconf 88' lang='lat' dir='ltr'><strong>sunt</strong></span> <span class='ocrx_word' id='word_1_36' title='bbox 1215 803 1226 842; x_wconf 79' lang='lat' dir='ltr'><strong>s</strong></span> 
     </span>
     <span class='ocr_line' id='line_1_7' title="bbox 181 866 1190 952; baseline 0 -21"><span class='ocrx_word' id='word_1_37' title='bbox 181 888 403 950; x_wconf 80' lang='lat' dir='ltr'><strong>quaecumque</strong></span> <span class='ocrx_word' id='word_1_38' title='bbox 426 866 561 945; x_wconf 89' lang='lat' dir='ltr'><strong>uitiosa,</strong></span> <span class='ocrx_word' id='word_1_39' title='bbox 583 871 621 930; x_wconf 92' lang='lat' dir='ltr'><strong>ut</strong></span> <span class='ocrx_word' id='word_1_40' title='bbox 645 888 755 950; x_wconf 88' lang='lat' dir='ltr'><strong>suous,</strong></span> <span class='ocrx_word' id='word_1_41' title='bbox 778 867 835 951; x_wconf 92' lang='lat' dir='ltr'><strong>qui</strong></span> <span class='ocrx_word' id='word_1_42' title='bbox 858 867 988 951; x_wconf 80' lang='lat' dir='ltr'>ingrate</span> <span class='ocrx_word' id='word_1_43' title='bbox 1010 867 1062 932; x_wconf 91' lang='lat' dir='ltr'><strong>bis</strong></span> <span class='ocrx_word' id='word_1_44' title='bbox 1086 867 1190 952; x_wconf 81' lang='lat' dir='ltr'><strong>possit</strong></span> 
     </span>
     <span class='ocr_line' id='line_1_8' title="bbox 180 955 1188 1039; baseline 0 -19"><span class='ocrx_word' id='word_1_45' title='bbox 180 956 322 1039; x_wconf 87' lang='lat' dir='ltr'><strong>inpendi,</strong></span> <span class='ocrx_word' id='word_1_46' title='bbox 346 955 387 1019; x_wconf 89' lang='lat' dir='ltr'><strong>ad</strong></span> <span class='ocrx_word' id='word_1_47' title='bbox 410 955 546 1020; x_wconf 79' lang='lat' dir='ltr'><strong>meliora</strong></span> <span class='ocrx_word' id='word_1_48' title='bbox 568 959 725 1020; x_wconf 89' lang='lat' dir='ltr'><strong>uertatur.</strong></span> <span class='ocrx_word' id='word_1_49' title='bbox 768 956 831 1020; x_wconf 90' lang='lat' dir='ltr'><strong>hoe</strong></span> <span class='ocrx_word' id='word_1_50' title='bbox 853 955 953 1020; x_wconf 89' lang='lat' dir='ltr'><strong>etiam</strong></span> <span class='ocrx_word' id='word_1_51' title='bbox 977 977 1087 1020; x_wconf 90' lang='lat' dir='ltr'><strong>meuse</strong></span> <span class='ocrx_word' id='word_1_52' title='bbox 1110 956 1188 1021; x_wconf 87' lang='lat' dir='ltr'><strong>loeis</strong></span> 
     </span>
    </p>

    <p class='ocr_par' dir='ltr' id='par_1_4' title="bbox 135 1043 1225 1662">
     <span class='ocr_line' id='line_1_9' title="bbox 135 1043 1189 1129; baseline -0.002 -18"><span class='ocrx_word' id='word_1_53' title='bbox 135 1047 156 1111; x_wconf 82' lang='lat'>2</span> <span class='ocrx_word' id='word_1_54' title='bbox 180 1044 308 1129; x_wconf 83' lang='lat' dir='ltr'><strong>frigidis</strong></span> <span class='ocrx_word' id='word_1_55' title='bbox 332 1043 472 1128; x_wconf 82' lang='lat' dir='ltr'><strong>ninyfum</strong></span> <span class='ocrx_word' id='word_1_56' title='bbox 495 1065 601 1108; x_wconf 81' lang='lat' dir='ltr'><strong>serere</strong></span> <span class='ocrx_word' id='word_1_57' title='bbox 624 1044 814 1129; x_wconf 78' lang='lat' dir='ltr'><strong>poterimus.</strong></span> <span class='ocrx_word' id='word_1_58' title='bbox 849 1066 935 1109; x_wconf 88' lang='lat' dir='ltr'><strong>nuno</strong></span> <span class='ocrx_word' id='word_1_59' title='bbox 957 1043 1189 1128; x_wconf 85' lang='lat' dir='ltr'><strong>eaprifioandae</strong></span> 
     </span>
     <span class='ocr_line' id='line_1_10' title="bbox 180 1132 1188 1217; baseline -0.002 -19"><span class='ocrx_word' id='word_1_60' title='bbox 180 1143 257 1198; x_wconf 87' lang='lat' dir='ltr'><strong>aunt</strong></span> <span class='ocrx_word' id='word_1_61' title='bbox 280 1134 413 1198; x_wconf 88' lang='lat' dir='ltr'><strong>arbores</strong></span> <span class='ocrx_word' id='word_1_62' title='bbox 435 1133 502 1217; x_wconf 79' lang='lat' dir='ltr'><strong>fici,</strong></span> <span class='ocrx_word' id='word_1_63' title='bbox 525 1134 610 1197; x_wconf 89' lang='lat' dir='ltr'><strong>siout</strong></span> <span class='ocrx_word' id='word_1_64' title='bbox 633 1134 667 1197; x_wconf 90' lang='lat' dir='ltr'><strong>in</strong></span> <span class='ocrx_word' id='word_1_65' title='bbox 690 1133 759 1197; x_wconf 90' lang='lat' dir='ltr'><strong>eius</strong></span> <span class='ocrx_word' id='word_1_66' title='bbox 781 1133 987 1198; x_wconf 82' lang='lat' dir='ltr'><strong>narrauimus</strong></span> <span class='ocrx_word' id='word_1_67' title='bbox 1010 1132 1188 1217; x_wconf 87' lang='lat' dir='ltr'><strong>disciplina.</strong></span> 
     </span>
     <span class='ocr_line' id='line_1_11' title="bbox 180 1220 1225 1307; baseline -0.001 -20"><span class='ocrx_word' id='word_1_68' title='bbox 180 1222 282 1305; x_wconf 89' lang='lat' dir='ltr'><strong>aliqui</strong></span> <span class='ocrx_word' id='word_1_69' title='bbox 309 1244 364 1287; x_wconf 88' lang='lat' dir='ltr'><strong>eas</strong></span> <span class='ocrx_word' id='word_1_70' title='bbox 387 1226 421 1286; x_wconf 92' lang='lat' dir='ltr'><strong>et</strong></span> <span class='ocrx_word' id='word_1_71' title='bbox 443 1221 506 1287; x_wconf 87' lang='lat' dir='ltr'><strong>boe</strong></span> <span class='ocrx_word' id='word_1_72' title='bbox 529 1243 638 1286; x_wconf 89' lang='lat' dir='ltr'><strong>menae</strong></span> <span class='ocrx_word' id='word_1_73' title='bbox 661 1222 818 1288; x_wconf 90' lang='lat' dir='ltr'><strong>inserunt.</strong></span> <span class='ocrx_word' id='word_1_74' title='bbox 862 1221 944 1286; x_wconf 88' lang='lat' dir='ltr'><strong>loeis</strong></span> <span class='ocrx_word' id='word_1_75' title='bbox 966 1220 1096 1307; x_wconf 80' lang='lat' dir='ltr'><strong>frigidis</strong></span> <span class='ocrx_word' id='word_1_76' title='bbox 1117 1243 1187 1306; x_wconf 90' lang='lat' dir='ltr'><strong>per·</strong></span> <span class='ocrx_word' id='word_1_77' title='bbox 1201 1248 1225 1286; x_wconf 81' lang='lat' dir='ltr'><strong>ro</strong></span> 
     </span>
     <span class='ocr_line' id='line_1_12' title="bbox 180 1309 1188 1395; baseline 0.001 -20"><span class='ocrx_word' id='word_1_78' title='bbox 180 1311 265 1375; x_wconf 80' lang='lat' dir='ltr'><strong>ricus</strong></span> <span class='ocrx_word' id='word_1_79' title='bbox 292 1311 491 1395; x_wconf 81' lang='lat' dir='ltr'><strong>inoculatur,</strong></span> <span class='ocrx_word' id='word_1_80' title='bbox 522 1310 649 1394; x_wconf 83' lang='lat' dir='ltr'><strong>palmae</strong></span> <span class='ocrx_word' id='word_1_81' title='bbox 680 1311 795 1394; x_wconf 85' lang='lat' dir='ltr'><strong>planta</strong></span> <span class='ocrx_word' id='word_1_82' title='bbox 826 1309 1082 1379; x_wconf 71' lang='lat' dir='ltr'><strong>circumfoditur.</strong></span> <span class='ocrx_word' id='word_1_83' title='bbox 1126 1311 1188 1376; x_wconf 87' lang='lat' dir='ltr'><strong>hoo</strong></span> 
     </span>
     <span class='ocr_line' id='line_1_13' title="bbox 179 1398 1187 1484; baseline -0.001 -21"><span class='ocrx_word' id='word_1_84' title='bbox 179 1421 289 1464; x_wconf 90' lang='lat' dir='ltr'><strong>mense</strong></span> <span class='ocrx_word' id='word_1_85' title='bbox 311 1399 365 1464; x_wconf 90' lang='lat' dir='ltr'><strong>uel</strong></span> <span class='ocrx_word' id='word_1_86' title='bbox 386 1399 468 1464; x_wconf 91' lang='lat' dir='ltr'><strong>iulio</strong></span> <span class='ocrx_word' id='word_1_87' title='bbox 491 1400 674 1464; x_wconf 76' lang='lat' dir='ltr'><strong>celebratur</strong></span> <span class='ocrx_word' id='word_1_88' title='bbox 696 1399 809 1465; x_wconf 90' lang='lat' dir='ltr'><strong>insitio</strong></span> <span class='ocrx_word' id='word_1_89' title='bbox 833 1400 868 1463; x_wconf 89' lang='lat' dir='ltr'><strong>in</strong></span> <span class='ocrx_word' id='word_1_90' title='bbox 889 1398 1010 1484; x_wconf 89' lang='lat' dir='ltr'><strong>pomis,</strong></span> <span class='ocrx_word' id='word_1_91' title='bbox 1034 1420 1117 1484; x_wconf 87' lang='lat' dir='ltr'><strong>quae</strong></span> <span class='ocrx_word' id='word_1_92' title='bbox 1140 1400 1187 1462; x_wconf 92' lang='lat' dir='ltr'><strong>in-</strong></span> 
     </span>
     <span class='ocr_line' id='line_1_14' title="bbox 179 1487 1187 1572; baseline 0.001 -21"><span class='ocrx_word' id='word_1_93' title='bbox 179 1488 353 1570; x_wconf 84' lang='lat' dir='ltr'><strong>plestratio</strong></span> <span class='ocrx_word' id='word_1_94' title='bbox 384 1488 511 1553; x_wconf 87' lang='lat' dir='ltr'><strong>dieitur.</strong></span> <span class='ocrx_word' id='word_1_95' title='bbox 557 1487 636 1553; x_wconf 91' lang='lat' dir='ltr'><strong>solis</strong></span> <span class='ocrx_word' id='word_1_96' title='bbox 668 1488 839 1553; x_wconf 78' lang='lat' dir='ltr'><strong>arboribus</strong></span> <span class='ocrx_word' id='word_1_97' title='bbox 873 1488 1038 1570; x_wconf 82' lang='lat' dir='ltr'><strong>conuenit,</strong></span> <span class='ocrx_word' id='word_1_98' title='bbox 1071 1489 1187 1572; x_wconf 88' lang='lat' dir='ltr'><strong>quibus</strong></span> 
     </span>
     <span class='ocr_line' id='line_1_15' title="bbox 178 1576 1187 1662; baseline 0.001 -22"><span class='ocrx_word' id='word_1_99' title='bbox 178 1576 310 1662; x_wconf 88' lang='lat' dir='ltr'><strong>pinguis</strong></span> <span class='ocrx_word' id='word_1_100' title='bbox 333 1599 429 1642; x_wconf 89' lang='lat' dir='ltr'><strong>suous</strong></span> <span class='ocrx_word' id='word_1_101' title='bbox 453 1578 487 1643; x_wconf 91' lang='lat' dir='ltr'><strong>in</strong></span> <span class='ocrx_word' id='word_1_102' title='bbox 510 1578 631 1642; x_wconf 85' lang='lat' dir='ltr'><strong>eortioe</strong></span> <span class='ocrx_word' id='word_1_103' title='bbox 654 1581 715 1661; x_wconf 79' lang='lat' dir='ltr'><strong>est,</strong></span> <span class='ocrx_word' id='word_1_104' title='bbox 737 1581 774 1642; x_wconf 94' lang='lat' dir='ltr'><strong>ut</strong></span> <span class='ocrx_word' id='word_1_105' title='bbox 796 1577 867 1642; x_wconf 81' lang='lat' dir='ltr'><strong>ficis</strong></span> <span class='ocrx_word' id='word_1_106' title='bbox 891 1580 925 1642; x_wconf 91' lang='lat' dir='ltr'><strong>et</strong></span> <span class='ocrx_word' id='word_1_107' title='bbox 945 1576 1026 1641; x_wconf 90' lang='lat' dir='ltr'><strong>oleis</strong></span> <span class='ocrx_word' id='word_1_108' title='bbox 1045 1598 1084 1642; x_wconf 87' lang='lat' dir='ltr'><strong>ao</strong></span> <span class='ocrx_word' id='word_1_109' title='bbox 1102 1577 1187 1642; x_wconf 91' lang='lat' dir='ltr'><strong>simi-</strong></span> 
     </span>
    </p>

    <p class='ocr_par' dir='ltr' id='par_1_5' title="bbox 134 1664 1261 2285">
     <span class='ocr_line' id='line_1_16' title="bbox 134 1664 1223 1751; baseline -0.004 -17"><span class='ocrx_word' id='word_1_110' title='bbox 134 1664 273 1749; x_wconf 86' lang='lat' dir='ltr'><strong>3libus,</strong></span> <span class='ocrx_word' id='word_1_111' title='bbox 296 1673 333 1730; x_wconf 87' lang='lat' dir='ltr'><strong>ut</strong></span> <span class='ocrx_word' id='word_1_112' title='bbox 355 1665 517 1731; x_wconf 83' lang='lat' dir='ltr'><strong>Martialis</strong></span> <span class='ocrx_word' id='word_1_113' title='bbox 537 1666 626 1748; x_wconf 81' lang='lat' dir='ltr'><strong>dicit,</strong></span> <span class='ocrx_word' id='word_1_114' title='bbox 649 1670 682 1731; x_wconf 90' lang='lat' dir='ltr'><strong>et</strong></span> <span class='ocrx_word' id='word_1_115' title='bbox 699 1666 835 1751; x_wconf 91' lang='lat' dir='ltr'><strong>persioo.</strong></span> <span class='ocrx_word' id='word_1_116' title='bbox 871 1665 910 1730; x_wconf 86' lang='lat' dir='ltr'><strong>fit</strong></span> <span class='ocrx_word' id='word_1_117' title='bbox 928 1669 1039 1730; x_wconf 90' lang='lat' dir='ltr'><strong>antem</strong></span> <span class='ocrx_word' id='word_1_118' title='bbox 1058 1665 1112 1731; x_wconf 88' lang='lat' dir='ltr'><strong>sio.</strong></span> <span class='ocrx_word' id='word_1_119' title='bbox 1147 1688 1184 1730; x_wconf 89' lang='lat' dir='ltr'><strong>er</strong></span> <span class='ocrx_word' id='word_1_120' title='bbox 1199 1692 1223 1730; x_wconf 80' lang='grc'><strong>11</strong></span> 
     </span>
     <span class='ocr_line' id='line_1_17' title="bbox 177 1754 1261 1840; baseline 0.006 -22"><span class='ocrx_word' id='word_1_121' title='bbox 177 1755 317 1819; x_wconf 89' lang='lat' dir='ltr'><strong>nouellis</strong></span> <span class='ocrx_word' id='word_1_122' title='bbox 341 1755 441 1820; x_wconf 88' lang='lat' dir='ltr'><strong>ramis</strong></span> <span class='ocrx_word' id='word_1_123' title='bbox 464 1759 497 1820; x_wconf 92' lang='lat' dir='ltr'><strong>et</strong></span> <span class='ocrx_word' id='word_1_124' title='bbox 519 1755 632 1820; x_wconf 90' lang='lat' dir='ltr'><strong>nitidis</strong></span> <span class='ocrx_word' id='word_1_125' title='bbox 656 1777 694 1821; x_wconf 90' lang='lat' dir='ltr'><strong>ao</strong></span> <span class='ocrx_word' id='word_1_126' title='bbox 718 1754 880 1820; x_wconf 72' lang='lat' dir='ltr'><strong>feracibus</strong></span> <span class='ocrx_word' id='word_1_127' title='bbox 903 1775 1082 1840; x_wconf 88' lang='lat' dir='ltr'><strong>gemmam,</strong></span> <span class='ocrx_word' id='word_1_128' title='bbox 1104 1777 1185 1840; x_wconf 89' lang='lat' dir='ltr'><strong>quae</strong></span> <span class='ocrx_word' id='word_1_129' title='bbox 1260 1821 1261 1824; x_wconf 74' lang='grc'>,</span> 
     </span>
     <span class='ocr_line' id='line_1_18' title="bbox 179 1843 1186 1929; baseline 0.002 -23"><span class='ocrx_word' id='word_1_130' title='bbox 179 1845 260 1909; x_wconf 89' lang='lat' dir='ltr'><strong>bene</strong></span> <span class='ocrx_word' id='word_1_131' title='bbox 283 1844 453 1928; x_wconf 87' lang='lat' dir='ltr'><strong>adparebit</strong></span> <span class='ocrx_word' id='word_1_132' title='bbox 476 1844 546 1909; x_wconf 89' lang='lat' dir='ltr'><strong>sine</strong></span> <span class='ocrx_word' id='word_1_133' title='bbox 570 1845 668 1909; x_wconf 92' lang='lat' dir='ltr'><strong>dubio</strong></span> <span class='ocrx_word' id='word_1_134' title='bbox 691 1866 896 1928; x_wconf 83' lang='lat' dir='ltr'><strong>processura,</strong></span> <span class='ocrx_word' id='word_1_135' title='bbox 924 1844 1050 1908; x_wconf 78' lang='lat' dir='ltr'><strong>duobus</strong></span> <span class='ocrx_word' id='word_1_136' title='bbox 1074 1843 1186 1929; x_wconf 84' lang='lat' dir='ltr'><strong>digitis</strong></span> 
     </span>
     <span class='ocr_line' id='line_1_19' title="bbox 179 1932 1187 2019; baseline 0 -22"><span class='ocrx_word' id='word_1_137' title='bbox 179 1932 345 2016; x_wconf 87' lang='lat' dir='ltr'><strong>quadratis</strong></span> <span class='ocrx_word' id='word_1_138' title='bbox 370 1932 647 2019; x_wconf 86' lang='lat' dir='ltr'><strong>oireumsignabis,</strong></span> <span class='ocrx_word' id='word_1_139' title='bbox 671 1938 708 1996; x_wconf 91' lang='lat' dir='ltr'><strong>ut</strong></span> <span class='ocrx_word' id='word_1_140' title='bbox 732 1933 804 2018; x_wconf 87' lang='lat' dir='ltr'><strong>ipsa</strong></span> <span class='ocrx_word' id='word_1_141' title='bbox 827 1936 990 1997; x_wconf 78' lang='lat' dir='ltr'><strong>statuatur</strong></span> <span class='ocrx_word' id='word_1_142' title='bbox 1013 1932 1049 1996; x_wconf 89' lang='lat' dir='ltr'><strong>iu</strong></span> <span class='ocrx_word' id='word_1_143' title='bbox 1072 1932 1187 2016; x_wconf 90' lang='lat' dir='ltr'><strong>medio,</strong></span> 
     </span>
     <span class='ocr_line' id='line_1_20' title="bbox 178 2021 1186 2105; baseline 0 -19"><span class='ocrx_word' id='word_1_144' title='bbox 178 2026 211 2086; x_wconf 92' lang='lat' dir='ltr'><strong>et</strong></span> <span class='ocrx_word' id='word_1_145' title='bbox 238 2022 286 2086; x_wconf 86' lang='lat' dir='ltr'><strong>ita</strong></span> <span class='ocrx_word' id='word_1_146' title='bbox 314 2022 481 2086; x_wconf 89' lang='lat' dir='ltr'><strong>subtiliter</strong></span> <span class='ocrx_word' id='word_1_147' title='bbox 509 2021 663 2087; x_wconf 88' lang='lat' dir='ltr'><strong>eortioem</strong></span> <span class='ocrx_word' id='word_1_148' title='bbox 686 2022 810 2086; x_wconf 86' lang='lat' dir='ltr'><strong>leuebis</strong></span> <span class='ocrx_word' id='word_1_149' title='bbox 834 2021 1025 2087; x_wconf 85' lang='lat' dir='ltr'><strong>acutissimo</strong></span> <span class='ocrx_word' id='word_1_150' title='bbox 1050 2022 1186 2105; x_wconf 83' lang='lat' dir='ltr'><strong>scalpro,</strong></span> 
     </span>
     <span class='ocr_line' id='line_1_21' title="bbox 176 2109 1260 2196; baseline -0.004 -22"><span class='ocrx_word' id='word_1_151' title='bbox 176 2133 217 2175; x_wconf 94' lang='lat' dir='ltr'><strong>ne</strong></span> <span class='ocrx_word' id='word_1_152' title='bbox 245 2131 375 2196; x_wconf 89' lang='lat' dir='ltr'><strong>gemma</strong></span> <span class='ocrx_word' id='word_1_153' title='bbox 397 2111 553 2175; x_wconf 88' lang='lat' dir='ltr'><strong>laedatur.</strong></span> <span class='ocrx_word' id='word_1_154' title='bbox 598 2111 678 2175; x_wconf 86' lang='lat' dir='ltr'><strong>item</strong></span> <span class='ocrx_word' id='word_1_155' title='bbox 702 2131 741 2174; x_wconf 84' lang='lat' dir='ltr'><strong>ex</strong></span> <span class='ocrx_word' id='word_1_156' title='bbox 763 2132 801 2174; x_wconf 88' lang='lat' dir='ltr'><strong>ea</strong></span> <span class='ocrx_word' id='word_1_157' title='bbox 824 2111 948 2194; x_wconf 88' lang='lat' dir='ltr'><strong>arbore,</strong></span> <span class='ocrx_word' id='word_1_158' title='bbox 971 2109 1025 2174; x_wconf 87' lang='lat' dir='ltr'><strong>eui</strong></span> <span class='ocrx_word' id='word_1_159' title='bbox 1047 2110 1186 2174; x_wconf 92' lang='lat' dir='ltr'><strong>uelimus</strong></span> <span class='ocrx_word' id='word_1_160' title='bbox 1201 2137 1226 2174; x_wconf 76' lang='lat' dir='ltr'><strong>eo</strong></span> <span class='ocrx_word' id='word_1_161' title='bbox 1259 2151 1260 2168; x_wconf 48' lang='grc'>1</span> 
     </span>
     <span class='ocr_line' id='line_1_22' title="bbox 176 2198 1186 2285; baseline 0.002 -23"><span class='ocrx_word' id='word_1_162' title='bbox 176 2200 331 2282; x_wconf 89' lang='lat' dir='ltr'><strong>inserere,</strong></span> <span class='ocrx_word' id='word_1_163' title='bbox 364 2198 516 2264; x_wconf 89' lang='lat' dir='ltr'><strong>similiter</strong></span> <span class='ocrx_word' id='word_1_164' title='bbox 548 2221 619 2264; x_wconf 90' lang='lat' dir='ltr'><strong>oum</strong></span> <span class='ocrx_word' id='word_1_165' title='bbox 654 2220 783 2285; x_wconf 85' lang='lat' dir='ltr'><strong>gemma</strong></span> <span class='ocrx_word' id='word_1_166' title='bbox 814 2198 949 2264; x_wconf 90' lang='lat' dir='ltr'><strong>tolletur</strong></span> <span class='ocrx_word' id='word_1_167' title='bbox 980 2199 1186 2282; x_wconf 88' lang='lat' dir='ltr'><strong>inplaslrum‚</strong></span> 
     </span>
    </p>

    <p class='ocr_par' dir='ltr' id='par_1_6' title="bbox 132 2286 1259 2818">
     <span class='ocr_line' id='line_1_23' title="bbox 132 2286 1188 2374; baseline -0.002 -20"><span class='ocrx_word' id='word_1_168' title='bbox 132 2290 154 2354; x_wconf 83' lang='lat'>4</span> <span class='ocrx_word' id='word_1_169' title='bbox 175 2289 281 2352; x_wconf 90' lang='lat' dir='ltr'><strong>nitido</strong></span> <span class='ocrx_word' id='word_1_170' title='bbox 304 2293 414 2354; x_wconf 90' lang='lat' dir='ltr'><strong>tamen</strong></span> <span class='ocrx_word' id='word_1_171' title='bbox 438 2294 535 2374; x_wconf 85' lang='lat' dir='ltr'><strong>atque</strong></span> <span class='ocrx_word' id='word_1_172' title='bbox 557 2287 650 2354; x_wconf 89' lang='lat' dir='ltr'><strong>uberi</strong></span> <span class='ocrx_word' id='word_1_173' title='bbox 673 2288 753 2352; x_wconf 92' lang='lat' dir='ltr'><strong>looo.</strong></span> <span class='ocrx_word' id='word_1_174' title='bbox 790 2291 868 2354; x_wconf 88' lang='lat' dir='ltr'><strong>tune</strong></span> <span class='ocrx_word' id='word_1_175' title='bbox 891 2286 938 2352; x_wconf 92' lang='lat' dir='ltr'><strong>ibi</strong></span> <span class='ocrx_word' id='word_1_176' title='bbox 957 2288 1188 2352; x_wconf 72' lang='lat' dir='ltr'><strong>conuenienter</strong></span> 
     </span>
     <span class='ocr_line' id='line_1_24' title="bbox 177 2377 1187 2462; baseline -0.001 -20"><span class='ocrx_word' id='word_1_177' title='bbox 177 2378 374 2462; x_wconf 79' lang='lat' dir='ltr'><strong>astringitur</strong></span> <span class='ocrx_word' id='word_1_178' title='bbox 400 2382 434 2441; x_wconf 86' lang='lat' dir='ltr'><strong>et</strong></span> <span class='ocrx_word' id='word_1_179' title='bbox 460 2399 609 2462; x_wconf 88' lang='lat' dir='ltr'><strong>pressum</strong></span> <span class='ocrx_word' id='word_1_180' title='bbox 637 2377 723 2443; x_wconf 86' lang='lat' dir='ltr'><strong>eirea</strong></span> <span class='ocrx_word' id='word_1_181' title='bbox 750 2397 914 2462; x_wconf 91' lang='lat' dir='ltr'><strong>gemmam</strong></span> <span class='ocrx_word' id='word_1_182' title='bbox 935 2377 1076 2441; x_wconf 81' lang='lat' dir='ltr'><strong>uinculis</strong></span> <span class='ocrx_word' id='word_1_183' title='bbox 1100 2377 1187 2462; x_wconf 85' lang='lat' dir='ltr'><strong>eogi-</strong></span> 
     </span>
     <span class='ocr_line' id='line_1_25' title="bbox 177 2465 1259 2551; baseline 0.001 -22"><span class='ocrx_word' id='word_1_184' title='bbox 177 2470 231 2530; x_wconf 89' lang='lat' dir='ltr'><strong>tur</strong></span> <span class='ocrx_word' id='word_1_185' title='bbox 254 2465 323 2529; x_wconf 92' lang='lat' dir='ltr'><strong>sine</strong></span> <span class='ocrx_word' id='word_1_186' title='bbox 347 2466 502 2551; x_wconf 88' lang='lat' dir='ltr'><strong>germinis</strong></span> <span class='ocrx_word' id='word_1_187' title='bbox 526 2466 668 2532; x_wconf 86' lang='lat' dir='ltr'><strong>laesione</strong></span> <span class='ocrx_word' id='word_1_188' title='bbox 692 2465 936 2549; x_wconf 64' lang='lat' dir='ltr'><strong>cohaererent</strong></span> <span class='ocrx_word' id='word_1_189' title='bbox 958 2487 1005 2547; x_wconf 88' lang='lat' dir='ltr'><strong>ea,</strong></span> <span class='ocrx_word' id='word_1_190' title='bbox 1029 2487 1109 2549; x_wconf 84' lang='lat' dir='ltr'><strong>quae</strong></span> <span class='ocrx_word' id='word_1_191' title='bbox 1135 2465 1187 2530; x_wconf 88' lang='lat' dir='ltr'><strong>ad-</strong></span> <span class='ocrx_word' id='word_1_192' title='bbox 1258 2481 1259 2486; x_wconf 75' lang='grc'>’</span> 
     </span>
     <span class='ocr_line' id='line_1_26' title="bbox 176 2552 1227 2640; baseline 0.003 -23"><span class='ocrx_word' id='word_1_193' title='bbox 176 2554 303 2638; x_wconf 88' lang='lat' dir='ltr'><strong>positae</strong></span> <span class='ocrx_word' id='word_1_194' title='bbox 322 2555 476 2638; x_wconf 85' lang='lat' dir='ltr'><strong>redditur,</strong></span> <span class='ocrx_word' id='word_1_195' title='bbox 493 2555 602 2619; x_wconf 80' lang='lat' dir='ltr'><strong>locum</strong></span> <span class='ocrx_word' id='word_1_196' title='bbox 622 2576 770 2640; x_wconf 89' lang='lat' dir='ltr'><strong>gemmae</strong></span> <span class='ocrx_word' id='word_1_197' title='bbox 787 2552 906 2639; x_wconf 89' lang='lat' dir='ltr'><strong>prioris</strong></span> <span class='ocrx_word' id='word_1_198' title='bbox 920 2554 1076 2620; x_wconf 79' lang='lat' dir='ltr'><strong>includat.</strong></span> <span class='ocrx_word' id='word_1_199' title='bbox 1106 2559 1187 2620; x_wconf 86' lang='lat' dir='ltr'><strong>turre</strong></span> <span class='ocrx_word' id='word_1_200' title='bbox 1202 2581 1227 2620; x_wconf 81' lang='lat'><strong>25</strong></span> 
     </span>
     <span class='ocr_line' id='line_1_27' title="bbox 176 2642 1187 2729; baseline 0.002 -24"><span class='ocrx_word' id='word_1_201' title='bbox 176 2642 247 2707; x_wconf 90' lang='lat' dir='ltr'><strong>luto</strong></span> <span class='ocrx_word' id='word_1_202' title='bbox 272 2643 453 2726; x_wconf 90' lang='lat' dir='ltr'><strong>superlines</strong></span> <span class='ocrx_word' id='word_1_203' title='bbox 478 2647 511 2708; x_wconf 91' lang='lat' dir='ltr'><strong>et</strong></span> <span class='ocrx_word' id='word_1_204' title='bbox 530 2644 668 2709; x_wconf 87' lang='lat' dir='ltr'><strong>liberem</strong></span> <span class='ocrx_word' id='word_1_205' title='bbox 686 2664 850 2729; x_wconf 85' lang='lat' dir='ltr'><strong>gemmam</strong></span> <span class='ocrx_word' id='word_1_206' title='bbox 867 2642 1040 2727; x_wconf 86' lang='lat' dir='ltr'><strong>relinques.</strong></span> <span class='ocrx_word' id='word_1_207' title='bbox 1076 2665 1187 2708; x_wconf 88' lang='lat' dir='ltr'><strong>ramos</strong></span> 
     </span>
     <span class='ocr_line' id='line_1_28' title="bbox 176 2731 1258 2818; baseline 0 -22"><span class='ocrx_word' id='word_1_208' title='bbox 176 2732 359 2818; x_wconf 88' lang='lat' dir='ltr'><strong>superiores</strong></span> <span class='ocrx_word' id='word_1_209' title='bbox 379 2731 448 2796; x_wconf 89' lang='lat' dir='ltr'><strong>eius</strong></span> <span class='ocrx_word' id='word_1_210' title='bbox 467 2733 594 2798; x_wconf 87' lang='lat' dir='ltr'><strong>arboris</strong></span> <span class='ocrx_word' id='word_1_211' title='bbox 608 2733 734 2798; x_wconf 82' lang='lat' dir='ltr'><strong>secabis</strong></span> <span class='ocrx_word' id='word_1_212' title='bbox 749 2755 787 2797; x_wconf 86' lang='lat' dir='ltr'><strong>ae</strong></span> <span class='ocrx_word' id='word_1_213' title='bbox 800 2735 919 2816; x_wconf 90' lang='lat' dir='ltr'><strong>stirpes</strong></span> <span class='ocrx_word' id='word_1_214' title='bbox 934 2753 972 2796; x_wconf 87' lang='lat' dir='ltr'><strong>ae</strong></span> <span class='ocrx_word' id='word_1_215' title='bbox 985 2731 1104 2817; x_wconf 89' lang='lat' dir='ltr'><strong>uiginti</strong></span> <span class='ocrx_word' id='word_1_216' title='bbox 1120 2753 1186 2796; x_wconf 91' lang='lat' dir='ltr'><strong>uno</strong></span> <span class='ocrx_word' id='word_1_217' title='bbox 1257 2799 1258 2808; x_wconf 53' lang='grc'>,</span> 
     </span>
    </p>
   </div>
   <div class='ocr_carea' id='block_1_4' title="bbox 173 2905 1257 3615">
    <p class='ocr_par' dir='ltr' id='par_1_7' title="bbox 173 2821 1258 3615">
     <span class='ocr_line' id='line_1_29' title="bbox 246 2905 1187 2988; baseline 0 -28"><span class='ocrx_word' id='word_1_218' title='bbox 246 2913 262 2960; x_wconf 85' lang='grc'><strong>3</strong></span> <span class='ocrx_word' id='word_1_219' title='bbox 286 2922 337 2960; x_wconf 85' lang='lat' dir='ltr'><strong>uas</strong></span> <span class='ocrx_word' id='word_1_220' title='bbox 357 2905 430 2960; x_wconf 87' lang='lat' dir='ltr'><strong>sieut</strong></span> <span class='ocrx_word' id='word_1_221' title='bbox 448 2906 569 2961; x_wconf 88' lang='lat' dir='ltr'><strong>diximus</strong></span> <span class='ocrx_word' id='word_1_222' title='bbox 593 2905 687 2960; x_wconf 83' lang='lat' dir='ltr'><strong>claudi</strong></span> <span class='ocrx_word' id='word_1_223' title='bbox 708 2906 734 2961; x_wconf 75' lang='lat' dir='ltr'><strong><em>G</em></strong></span> <span class='ocrx_word' id='word_1_224' title='bbox 755 2909 765 2977; x_wconf 82' lang='grc' dir='ltr'><strong>ΙΙ</strong></span> <span class='ocrx_word' id='word_1_225' title='bbox 781 2912 804 2988; x_wconf 38' lang='grc'><strong>,4</strong></span> <span class='ocrx_word' id='word_1_226' title='bbox 821 2905 915 2960; x_wconf 83' lang='lat' dir='ltr'><strong>maela</strong></span> <span class='ocrx_word' id='word_1_227' title='bbox 933 2905 966 2974; x_wconf 74' lang='lat' dir='ltr'><strong>S,</strong></span> <span class='ocrx_word' id='word_1_228' title='bbox 989 2906 1066 2960; x_wconf 88' lang='lat' dir='ltr'><strong>mala</strong></span> <span class='ocrx_word' id='word_1_229' title='bbox 1084 2905 1187 2960; x_wconf 68' lang='lat' dir='ltr'><strong>Fara</strong></span> 
     </span>
     <span class='ocr_line' id='line_1_30' title="bbox 175 2976 1187 3130; baseline 0.001 -28"><span class='ocrx_word' id='word_1_230' title='bbox 175 2980 394 3104; x_wconf 54' lang='lat' dir='ltr'><strong>tilulpttt</strong></span> <span class='ocrx_word' id='word_1_231' title='bbox 408 2978 715 3118; x_wconf 58' lang='lat' dir='ltr'><strong>delibat*</strong></span> <span class='ocrx_word' id='word_1_232' title='bbox 729 2976 1187 3130; x_wconf 49' lang='lat' dir='ltr'><strong>tettltmiiflisslddfftb</strong></span> 
     </span>
     <span class='ocr_line' id='line_1_31' title="bbox 175 3066 1257 3202; baseline 0.002 -30"><span class='ocrx_word' id='word_1_233' title='bbox 175 3067 451 3201; x_wconf 62' lang='lat' dir='ltr'><strong>ilbonabimus’Vp</strong></span> <span class='ocrx_word' id='word_1_234' title='bbox 466 3068 499 3173; x_wconf 60' lang='lat' dir='ltr'><strong>li</strong></span> <span class='ocrx_word' id='word_1_235' title='bbox 518 3120 564 3174; x_wconf 93' lang='lat' dir='ltr'><strong>uel</strong></span> <span class='ocrx_word' id='word_1_236' title='bbox 582 3137 632 3175; x_wconf 77' lang='lat' dir='ltr'><strong>orn.</strong></span> <span class='ocrx_word' id='word_1_237' title='bbox 650 3119 695 3202; x_wconf 28' lang='lat' dir='ltr'><strong>GU}</strong></span> <span class='ocrx_word' id='word_1_238' title='bbox 712 3119 910 3191; x_wconf 84' lang='lat' dir='ltr'><strong>inpalastratro</strong></span> <span class='ocrx_word' id='word_1_239' title='bbox 930 3066 965 3188; x_wconf 63' lang='lat' dir='ltr'><strong>id,</strong></span> <span class='ocrx_word' id='word_1_240' title='bbox 989 3118 1187 3200; x_wconf 81' lang='lat' dir='ltr'><strong>emplastratio</strong></span> <span class='ocrx_word' id='word_1_241' title='bbox 1256 3113 1257 3150; x_wconf 63' lang='lat' dir='ltr'><strong>l</strong></span> 
     </span>
     <span class='ocr_line' id='line_1_32' title="bbox 175 3191 1187 3272; baseline -0.001 -27"><span class='ocrx_word' id='word_1_242' title='bbox 175 3191 233 3245; x_wconf 83' lang='lat' dir='ltr'><strong>edd.</strong></span> <span class='ocrx_word' id='word_1_243' title='bbox 248 3192 258 3261; x_wconf 87' lang='grc'><strong>11</strong></span> <span class='ocrx_word' id='word_1_244' title='bbox 273 3197 305 3245; x_wconf 91' lang='grc'><strong>13</strong></span> <span class='ocrx_word' id='word_1_245' title='bbox 324 3207 510 3259; x_wconf 87' lang='lat' dir='ltr'><strong>eonuemrep</strong></span> <span class='ocrx_word' id='word_1_246' title='bbox 532 3193 541 3261; x_wconf 75' lang='lat' dir='ltr'><strong>ll</strong></span> <span class='ocrx_word' id='word_1_247' title='bbox 565 3197 598 3244; x_wconf 83' lang='lat'><strong>14</strong></span> <span class='ocrx_word' id='word_1_248' title='bbox 617 3194 750 3246; x_wconf 87' lang='lat' dir='ltr'><strong>eortroem</strong></span> <span class='ocrx_word' id='word_1_249' title='bbox 768 3192 816 3262; x_wconf 73' lang='lat' dir='ltr'><strong>El</strong></span> <span class='ocrx_word' id='word_1_250' title='bbox 837 3192 880 3245; x_wconf 88' lang='lat' dir='ltr'><strong>est</strong></span> <span class='ocrx_word' id='word_1_251' title='bbox 898 3207 947 3244; x_wconf 85' lang='lat' dir='ltr'><strong>om.</strong></span> <span class='ocrx_word' id='word_1_252' title='bbox 963 3191 994 3244; x_wconf 83' lang='lat' dir='ltr'><em>E</em></span> <span class='ocrx_word' id='word_1_253' title='bbox 1013 3193 1023 3260; x_wconf 86' lang='grc'><strong>11</strong></span> <span class='ocrx_word' id='word_1_254' title='bbox 1046 3195 1080 3244; x_wconf 81' lang='lat'><strong>20</strong></span> <span class='ocrx_word' id='word_1_255' title='bbox 1097 3193 1187 3272; x_wconf 70' lang='lat' dir='ltr'><strong>gesti-</strong></span> 
     </span>
     <span class='ocr_line' id='line_1_33' title="bbox 173 3261 1187 3404; baseline -0.001 -18"><span class='ocrx_word' id='word_1_256' title='bbox 173 3263 314 3386; x_wconf 57' lang='lat' dir='ltr'><strong>ellel</strong></span> <span class='ocrx_word' id='word_1_257' title='bbox 328 3268 360 3402; x_wconf 64' lang='lat'><strong>²11¹</strong></span> <span class='ocrx_word' id='word_1_258' title='bbox 376 3261 969 3404; x_wconf 47' lang='lat' dir='ltr'><strong>lifliiffffafffbb&#39;{filiii</strong></span> <span class='ocrx_word' id='word_1_259' title='bbox 984 3263 1043 3403; x_wconf 59' lang='lat' dir='ltr'><strong>bd‘l</strong></span> <span class='ocrx_word' id='word_1_260' title='bbox 1058 3261 1187 3386; x_wconf 55' lang='lat' dir='ltr'><strong>bibli</strong></span> 
     </span>
     <span class='ocr_line' id='line_1_34' title="bbox 179 3351 1186 3484; baseline -0.003 -26"><span class='ocrx_word' id='word_1_261' title='bbox 179 3403 303 3484; x_wconf 70' lang='lat' dir='ltr'><strong>1⁷st,</strong></span> <span class='ocrx_word' id='word_1_262' title='bbox 322 3405 455 3484; x_wconf 70' lang='lat' dir='ltr'><strong>tamenp</strong></span> <span class='ocrx_word' id='word_1_263' title='bbox 481 3407 490 3473; x_wconf 76' lang='lat' dir='ltr'><strong>ll</strong></span> <span class='ocrx_word' id='word_1_264' title='bbox 517 3351 654 3474; x_wconf 57' lang='lat' dir='ltr'><strong>tglsuper</strong></span> <span class='ocrx_word' id='word_1_265' title='bbox 671 3375 787 3474; x_wconf 80' lang='lat' dir='ltr'><strong>perlinis</strong></span> <span class='ocrx_word' id='word_1_266' title='bbox 805 3406 829 3474; x_wconf 77' lang='lat' dir='ltr'><strong>i,</strong></span> <span class='ocrx_word' id='word_1_267' title='bbox 849 3351 931 3474; x_wconf 71' lang='lat' dir='ltr'><strong>rriper</strong></span> <span class='ocrx_word' id='word_1_268' title='bbox 949 3403 1015 3458; x_wconf 90' lang='lat' dir='ltr'><strong>linis</strong></span> <span class='ocrx_word' id='word_1_269' title='bbox 1031 3422 1065 3473; x_wconf 83' lang='lat' dir='ltr'><strong>p,</strong></span> <span class='ocrx_word' id='word_1_270' title='bbox 1088 3419 1186 3484; x_wconf 64' lang='lat' dir='ltr'><strong>super3</strong></span> 
     </span>
     <span class='ocr_line' id='line_1_35' title="bbox 174 3473 1187 3615; baseline 0.001 -87"><span class='ocrx_word' id='word_1_271' title='bbox 174 3473 526 3615; x_wconf 49' lang='lat' dir='ltr'><strong>{gryss’eeetgrel&#39;mloreThnquis</strong></span> <span class='ocrx_word' id='word_1_272' title='bbox 545 3475 576 3529; x_wconf 82' lang='grc' dir='ltr'><strong><em>Ε</em></strong></span> <span class='ocrx_word' id='word_1_273' title='bbox 600 3478 610 3546; x_wconf 87' lang='grc' dir='ltr'><strong>ΙΙ</strong></span> <span class='ocrx_word' id='word_1_274' title='bbox 637 3481 670 3529; x_wconf 80' lang='lat'><strong>27</strong></span> <span class='ocrx_word' id='word_1_275' title='bbox 691 3491 755 3529; x_wconf 89' lang='lat' dir='ltr'><strong>seea</strong></span> <span class='ocrx_word' id='word_1_276' title='bbox 773 3475 804 3528; x_wconf 85' lang='lat' dir='ltr'><em>E</em></span> <span class='ocrx_word' id='word_1_277' title='bbox 826 3478 830 3545; x_wconf 91' lang='grc' dir='ltr'>Ι</span> <span class='ocrx_word' id='word_1_278' title='bbox 855 3477 885 3529; x_wconf 84' lang='lat' dir='ltr'><strong>et</strong></span> <span class='ocrx_word' id='word_1_279' title='bbox 903 3476 939 3529; x_wconf 89' lang='lat' dir='ltr'><strong>ab</strong></span> <span class='ocrx_word' id='word_1_280' title='bbox 958 3493 1014 3529; x_wconf 91' lang='lat' dir='ltr'><strong>uno</strong></span> <span class='ocrx_word' id='word_1_281' title='bbox 1033 3478 1062 3530; x_wconf 93' lang='lat' dir='ltr'><strong>et</strong></span> <span class='ocrx_word' id='word_1_282' title='bbox 1079 3475 1187 3546; x_wconf 80' lang='lat' dir='ltr'><strong>urginu</strong></span> 
     </span>
    </p>
   </div>
   <div class='ocr_carea' id='block_1_5' title="bbox 0 0 1274 3942">
    <p class='ocr_par' dir='ltr' id='par_1_8' title="bbox 0 0 1274 3942">
     <span class='ocr_line' id='line_1_36' title="bbox 0 0 1274 3942; baseline 0 2"><span class='ocrx_word' id='word_1_283' title='bbox 0 0 1274 3942; x_wconf 95' lang='lat' dir='ltr'><strong> </strong></span> 
     </span>
    </p>
   </div>
  </div>
 </body>
</html>
