2518 3938
484 183 601 237 AGRIC.
617 183 668 237 ΧΠ
684 189 769 237 7-12
1067 187 1131 252 245

341 329 588 394 REMEDIVM
613 328 786 395 STERILI
809 328 911 395 VITI.

184 455 322 519 Hisdem
346 453 549 539 temporibus
579 458 612 518 et
639 454 720 519 locis
750 454 867 539 uitem,
899 477 980 541 quae
1009 457 1183 523 sterilisX

115 543 227 627 fuerit,
252 541 368 608 Graeci
391 543 439 608 ita
461 543 666 628 praecipiunt
690 565 760 608 esse
784 545 968 609 curandam.
1014 550 1130 612 trunco

115 634 187 698 eius
211 634 290 697 fisso
313 633 456 717 lapidem
475 633 629 697 adserunt
652 631 881 698 includendam
901 636 934 698 et
951 634 999 699 ibi
1018 634 1130 700 urinae

86 720 238 788 sueteris
266 722 427 786 humanae
451 726 607 805 quattuor
632 721 758 786 cotulas
787 721 872 786 circa
900 726 1053 788 truncum
1081 724 1132 788 de-

113 812 193 877 bere
218 810 368 891 suffundi,
391 814 429 875 ut
452 811 493 874 ad
511 809 635 875 radices
658 809 834 875 instillatio
859 811 930 895 ipsa
950 812 1131 877 descendat.

112 903 195 982 tunc
219 899 423 964 adiciendum
445 900 608 963 laetamen
632 903 720 963 terra
744 900 889 964 admixta
917 904 950 964 et
974 901 1061 966 circa
1083 923 1132 966 ra-

113 989 204 1054 dices
228 989 333 1054 solum
358 1010 453 1052 omne
476 988 678 1053 uertendum.

239 1166 299 1232 DE
323 1163 512 1231 ROSARIO
535 1165 597 1230 EX
619 1163 778 1232 PAVGIS
802 1164 1013 1233 VIRGVLIS

69 1284 96 1322 10
466 1252 782 1320 INSTITVENDO.

185 1379 340 1456 Quamuis
355 1401 465 1444 mense
484 1379 648 1445 februario
669 1380 734 1445 sint
754 1382 951 1446 conserenda
969 1383 1103 1466 rosaria,
1137 1381 1185 1447 XI

111 1475 227 1535 tamen
250 1469 331 1534 locis
351 1468 474 1554 calidis,
498 1468 617 1554 apricis
637 1473 735 1553 atque
755 1470 929 1535 maritimis
948 1471 1011 1536 hoo
1029 1471 1129 1537 etiam

110 1579 226 1624 mense
256 1557 437 1642 poterimus
468 1558 641 1622 instituere
672 1562 789 1623 roseta.
836 1581 917 1644 quae
945 1561 973 1624 si
1000 1560 1129 1647 indigus

109 1649 302 1734 plantarum
325 1645 469 1712 uolueris
494 1669 532 1711 ex
556 1648 668 1732 paucis
692 1646 831 1732 uirgulis
850 1649 971 1712 habere
991 1650 1132 1733 copiosa,

68 1765 95 1805 15
112 1741 351 1822 quaternorum
366 1735 546 1822 digitorum
561 1736 708 1801 surculos
728 1742 930 1821 gemmantes
950 1758 1023 1802 cum
1042 1739 1130 1823 geni·

111 1826 197 1892 culis
218 1826 285 1892 suis
306 1825 437 1890 debebis
458 1824 613 1910 excidere,
633 1826 668 1889 in
687 1826 819 1890 modum
838 1825 1028 1911 propaginis
1049 1832 1130 1891 ster-

107 1937 200 2001 nere,
226 1919 368 1980 stercore
387 1935 426 1978 ao
445 1913 663 1999 rigationibus
683 1914 849 1979 adiuuare:
873 1915 931 1978 ubi
949 1916 1026 1979 anni
1044 1920 1130 1980 aeta-

109 2010 183 2070 tem
217 2003 459 2088 eonpleuerint,
497 2003 588 2088 pedis
625 2003 732 2087 spatio
766 2004 853 2068 inter
885 2026 919 2068 se
953 2005 1128 2069 transferre

109 2093 297 2158 disiunctos
322 2096 419 2177 atque
443 2093 490 2156 ita
513 2093 629 2176 solum,
654 2093 740 2176 quod
763 2092 840 2156 huic
865 2093 976 2178 generi
995 2093 1124 2178 deputa-

68 2212 95 2250 ao
110 2183 177 2264 bis,
200 2181 333 2266 inplere.

182 2358 242 2424 VT
265 2358 360 2425 VVA
383 2357 733 2514 1780111]ΙὲΒῶἓῆ
761 2357 1061 2424 RESERVETVR

184 2572 318 2638 Graecis
342 2573 581 2657 adserentibus,
616 2577 653 2638 ut
682 2595 780 2638 uuam
812 2596 920 2639 serues
955 2573 990 2638 in
1019 2574 1087 2638 uite
1120 2572 1186 2638 XII

109 2685 220 2748 usque
244 2664 284 2726 ad
308 2662 394 2727 ueris
418 2663 522 2748 initia,
546 2662 632 2727 circa
654 2663 760 2747 ipsam
784 2662 895 2748 uitem,
919 2685 1000 2748 quae
1023 2662 1131 2728 fructu

188 2843 201 2889 1
223 2835 382 2891 STERILIS
397 2835 554 2907 VITISEll
570 2837 757 2909 21sdemEll
776 2839 867 2892 4'fixo
882 2839 912 2891 E
926 2839 930 2908 Ι
947 2835 1110 2892 inseruntS
1123 2837 1126 2910 l

20 2923 24 2930 ·
107 2909 162 2964 nbi
186 2909 211 2964 G
240 2910 250 2978 ΙΙ
281 2907 438 2963 cdiffundi
457 2909 499 2962 Va'
533 2911 536 2978 Ι
571 2908 788 2964 instillationem
808 2911 834 2964 Gr
865 2913 874 2978 Η
912 2914 926 2960 7
952 2907 1131 2962 adiciendam

108 2984 219 3036 terram
241 2978 395 3034 laetamine
415 2978 539 3034 admixto
558 2981 586 3048 S,
607 2979 786 3034 adiciendum
804 2984 908 3035 terram
927 2977 1062 3034 letamine
1081 2981 1130 3033 ad-

108 3052 203 3106 mixto
223 3051 264 3119 Ε,
290 3050 440 3104 adicienda
459 3055 502 3105 est
524 3054 600 3106 terra
619 3051 741 3106 admista
759 3049 910 3106 laetamine
929 3068 960 3118 o,
978 3053 1055 3106 terra
1072 3051 1130 3105 lae-

109 3128 209 3178 tamen
229 3121 356 3176 admixta
374 3123 454 3177 ceteri
480 3125 489 3192 ΙΙ
522 3129 537 3176 9
557 3122 605 3176 DE
625 3139 675 3178 om.
696 3125 726 3176 E
750 3125 753 3194 Ι
778 3120 971 3177 VIRGVLTIS
991 3123 1129 3191 Non,

109 3192 247 3265 uirgultis
266 3195 300 3247 ia
327 3196 337 3275 1]
365 3199 398 3246 13
416 3193 566 3248 instituere
584 3193 737 3264 poterimus
757 3195 787 3247 Ε
816 3193 819 3264 l
849 3191 993 3263 rosariap
1023 3197 1027 3264 Ι
1056 3193 1129 3247 indi-

109 3283 187 3337 guus
208 3265 241 3333 G,
261 3264 291 3318 in
310 3264 408 3335 drgitis
428 3266 458 3319 E
479 3266 488 3335 Η
513 3271 546 3318 14
565 3265 697 3336 uirgultis
716 3266 747 3318 E
772 3267 782 3334 ΙΙ
810 3269 842 3317 15
866 3263 1056 3334 germinantes
1074 3266 1105 3318 Ε
1124 3265 1127 3337 1

110 3335 263 3408 genuculis
277 3337 304 3389 L
318 3339 327 3406 ll
342 3341 374 3390 16
395 3336 472 3390 etin
490 3337 605 3391 modurn
618 3338 698 3405 Eia,
719 3337 772 3407 [et]
790 3335 821 3389 in
839 3336 954 3389 modurn
973 3354 1025 3406 cys
1041 3339 1045 3404 Ι
1062 3338 1130 3390 ster-

111 3425 210 3464 corare
225 3425 260 3477 p,
280 3410 309 3461 et
328 3410 449 3462 stercore
468 3427 499 3476 o,
521 3409 573 3490 [et]
593 3411 714 3462 stercore
733 3424 797 3477 eps,
822 3423 871 3460 oms.
892 3408 923 3460 F
947 3410 956 3477 ΙΙ
984 3413 1017 3462 18
1035 3406 1129 3476 pleuc-

109 3480 171 3534 rint
190 3479 237 3550 ΕΙ
254 3479 326 3533 ferre
346 3479 376 3534 Ε
393 3481 402 3549 ΙΙ
422 3485 455 3532 19
475 3479 630 3534 dis1unctos
649 3495 698 3532 om.
715 3496 737 3547 p
753 3478 757 3549 l
778 3477 937 3548 disputabis
956 3479 983 3532 L
1003 3481 1012 3548 ΙΙ
1035 3483 1067 3531 21
1087 3476 1129 3530 De

110 3569 180 3622 uua,
200 3567 272 3620 quae
292 3549 443 3624 olUERE
465 3551 513 3621 ΕΗ
528 3556 562 3604 24
581 3551 617 3604 ad
636 3547 711 3602 ueris
730 3565 780 3604 om.
800 3549 827 3602 L

1009 3703 1101 3766 Α
