2524 3946
481 210 598 265 AGRJO.
614 211 640 265 Π
655 215 687 264 15
1046 211 1089 276 65

72 357 219 443 simplici
233 356 344 442 pridie
354 355 544 422 macerabis.
576 378 734 440 ponemus
749 360 860 420 autem
873 359 1088 442 transuersas,

72 452 114 512 ut
137 448 225 512 latus
249 446 282 510 id
306 450 356 510 est
379 446 490 511 carina
513 445 584 529 ipsa
607 445 728 530 figatur
746 445 781 508 in
800 450 897 513 terra.
935 469 1090 512 cacumen

73 537 195 622 ipsum,
219 558 292 600 cum
313 535 465 619 ponimus
484 556 609 617 nucem,
631 534 667 597 in
685 533 847 618 aquilonis
866 540 994 619 partem
1012 535 1091 600 diri-

74 647 203 712 gemus,
248 623 333 707 lapis
362 624 476 688 subter
500 623 553 687 uel
577 626 664 687 testa
685 624 834 706 ponenda
857 628 920 708 est,
947 629 985 689 ut
1007 625 1091 689 radi·

45 737 151 781 soem
178 735 245 778 non
273 711 436 796 simplieet
460 713 515 776 sed
538 733 728 795 repercussa
750 717 927 798 respergat.
974 714 1091 778 laetior

74 805 150 887 fiet,
184 803 214 866 si
240 800 368 885 saepius
396 801 625 866 transferatur:
657 801 692 864 in
723 800 851 886 frigidis
885 803 965 867 locis
993 802 1092 888 bima,

72 893 114 956 in
141 891 256 956 calidis
282 891 379 955 debet
403 890 502 954 trima
524 889 704 955 transferri.
748 890 873 955 radices
896 891 1092 977 plantarum,
1104 891 1146 956 16

74 981 167 1046 siout
188 979 224 1043 in
247 979 319 1043 aliis
344 978 515 1044 arboribus
539 979 695 1064 solemus,
722 980 757 1042 in
779 979 841 1044 hoc
865 1001 983 1064 genere
1006 1002 1093 1045 rese-

74 1090 154 1136 care
173 1091 240 1133 non
259 1068 365 1132 debes.
401 1068 479 1132 fimo
499 1067 621 1133 bubulo
642 1066 708 1132 ima
726 1068 841 1153 plania
859 1070 1015 1154 tingenda
1034 1074 1093 1135 est.

29 1187 57 1225 ro
74 1158 139 1224 sed
172 1156 287 1221 melius
321 1157 401 1222 cinis
435 1162 609 1242 spargetur
636 1157 671 1220 in
699 1156 883 1242 scrobibus,
914 1181 956 1223 ne
986 1159 1093 1224 calore

74 1246 236 1313 stercoris
257 1245 424 1310 aduratur:
443 1249 477 1310 et
495 1246 576 1310 cinis
596 1245 738 1311 creditur
756 1247 809 1310 uel
829 1245 960 1312 corticis
977 1248 1094 1312 teneri-

72 1335 228 1400 tudinem
247 1356 420 1418 procurare
438 1335 491 1399 uel
505 1335 673 1399 fructuum
688 1335 892 1400 densitatem.
916 1336 991 1401 altis
1007 1335 1145 1402 soro-17

73 1425 181 1490 bibus
205 1423 385 1488 delectatur
407 1446 468 1507 pro
490 1423 616 1489 arboris
637 1424 861 1509 magnitudine
881 1429 914 1489 et
933 1425 1094 1491 desiderat

74 1512 258 1579 interualla
285 1512 422 1594 maiora,
455 1513 532 1596 quia
565 1512 741 1578 stillicidiis
773 1512 929 1577 foliorum
962 1536 1092 1580 suorum

29 1630 59 1672 15
75 1601 243 1688 proximis
267 1601 321 1665 uel
339 1601 390 1665 sui
409 1601 536 1686 generis
555 1602 688 1666 nocebit
706 1602 887 1667 arboribus.
924 1603 1021 1668 debet
1040 1605 1096 1669 ali-

75 1691 214 1777 quando
234 1689 432 1772 circumfodi,
451 1713 491 1755 ne
512 1712 592 1756 caua
609 1690 669 1755 fiat
685 1690 768 1754 uitio
784 1692 971 1772 senectutis.
1004 1715 1097 1758 cana-

74 1783 125 1846 lis
153 1779 272 1864 longus
301 1801 320 1843 a
348 1801 475 1844 summo
503 1784 618 1844 trunco
648 1780 687 1844 ad
715 1780 818 1844 imum
846 1780 943 1846 debet
969 1782 1096 1846 excudi:

76 1869 131 1934 sic
155 1867 313 1933 beneficio
338 1868 417 1932 solis
442 1871 475 1933 et
498 1869 589 1932 uenti
612 1868 801 1952 durescunt,
828 1892 909 1954 quae
932 1871 967 1934 in
990 1873 1097 1955 putre

75 1957 194 2024 dinem
214 1957 422 2021 transierunt.
460 1957 488 2021 si
506 1958 587 2025 dura
604 1979 671 2022 nux
690 1961 740 2022 est
758 1957 811 2022 uel
829 1959 962 2042 nodosa,
985 1963 1097 2024 cortex
1110 1961 1151 2026 18

29 2077 59 2115 ao
76 2045 362 2113 circumcidendus
391 2045 467 2130 erit,
495 2050 533 2111 ut
559 2045 677 2110 uitium
703 2047 781 2111 mali
804 2047 941 2113 deducat
964 2050 1097 2113 umoris.

76 2135 142 2202 alii
165 2135 313 2200 radicum
337 2156 464 2198 summa
485 2136 686 2220 praecidunt,
709 2135 765 2200 alii
789 2137 972 2200 terebratae
995 2138 1098 2203 radici

74 2225 197 2311 palum
225 2224 263 2288 de
291 2224 377 2288 buxo
406 2223 588 2307 inprimunt
615 2225 667 2288 uel
696 2223 866 2309 cuprinum
894 2224 1023 2290 clauum
1045 2227 1099 2291 uel

75 2315 236 2379 ferreum.
284 2313 313 2376 si
340 2313 537 2377 terentinam
565 2313 671 2378 faeere
695 2313 851 2398 uolueris
880 2313 984 2378 solam
1006 2317 1098 2380 nucis

78 2423 217 2469 carnem
241 2401 316 2465 lana
336 2404 470 2485 propter
488 2401 641 2467 formicas
661 2403 852 2467 obuolutam
870 2402 905 2468 in
924 2404 1099 2468 seminario

30 2520 62 2560 aa
78 2491 220 2557 debebis
245 2490 391 2554 obruere.
429 2491 457 2554 si
480 2490 639 2556 ferentem
661 2491 727 2555 iam
750 2492 785 2555 in
807 2492 870 2557 boc
894 2513 996 2578 genus
1017 2493 1100 2558 uelis

161 2724 176 2772 1
196 2719 373 2788 ponenturp
398 2720 402 2787 Ι
428 2721 605 2772 transuersus
627 2719 653 2773 G
679 2721 689 2789 ΙΙ
715 2718 824 2773 alatas
843 2721 870 2773 L
895 2721 900 2791 Ι
925 2723 1029 2774 terram
1050 2722 1076 2776 G
1093 2723 1103 2795 tl

79 2791 203 2860 3parte
217 2789 266 2860 ΕΙ
284 2787 438 2860 dirigamus
452 2791 484 2844 Ε
497 2793 632 2861 (eeupra)
647 2793 656 2860 l
671 2796 686 2843 5
701 2808 758 2844 non
771 2807 821 2844 om.
835 2791 861 2846 G
876 2794 880 2860 Ι
898 2789 1042 2861 dispergat
1056 2793 1100 2864 Vl

79 2861 186 2916 Latior
203 2861 235 2914 Ε
258 2863 267 2930 Η
296 2860 424 2930 sssepius
444 2864 617 2931 aspergatur.
644 2861 841 2915 Transferatur
859 2862 890 2915 E
914 2865 917 2932 t
942 2861 1010 2916 bina
1029 2863 1060 2915 E
1066 2863 1075 2895 ¹

81 2939 100 2986 ‘1
123 2931 201 2986 trina
213 2931 261 2984 Ε1
277 2934 282 3004 t
298 2934 332 2986 tr.
351 2932 497 2985 transferri
512 2932 597 2986 debet
610 2934 738 3003 Eiocps
751 2935 760 3002 ΙΙ
775 2939 790 2987 8
809 2933 840 2986 in
853 2931 908 2987 hac
921 2949 1080 3003 resecarep

79 3011 100 3058 9
128 3019 187 3057 una
209 3003 240 3056 Ε
268 3005 272 3074 Ι
301 3002 458 3073 tinguenda
481 3004 539 3058 PL
548 3004 580 3071 V,
608 3003 785 3074 tinguangda
812 3005 847 3074 Q,
876 3003 1021 3084 tangenda
1051 3006 1077 3061 G

82 3080 123 3130 10
142 3077 311 3144 aspergatur
328 3076 375 3143 iu,
394 3092 444 3130 om.
462 3075 488 3130 G
504 3078 507 3144 Ι
522 3075 669 3130 neccalore
683 3078 710 3130 L
722 3078 732 3146 ΙΙ
748 3081 779 3128 11
799 3092 866 3128 nam
884 3075 953 3128 oims
968 3076 1080 3148 Eacps

81 3152 122 3201 12
140 3161 292 3216 procurare
311 3163 361 3200 om.
377 3147 408 3199 Ε
431 3149 435 3216 Ι
460 3149 489 3200 et
507 3146 630 3200 fructum
650 3145 884 3218 dempsitatemp
908 3147 913 3217 Ι
937 3145 1035 3201 afferre
1054 3149 1103 3203 ud-

80 3219 160 3274 drmt
175 3223 239 3297 post
254 3217 428 3299 densitatem
445 3217 653 3342 Eaffiafferre]
673 3235 727 3288 ops
747 3221 756 3288 ΙΙ
778 3224 810 3271 16
829 3233 865 3298 ne
883 3233 973 3298 uacua
991 3219 1078 3288 fiatp
1098 3220 1103 3292 Ι

82 3290 850 3431 titulaturarutubifultra13²
860 3291 1098 3429 statiua

85 3432 244 3485 durescant
266 3432 297 3484 F
328 3434 332 3502 1
366 3431 516 3501 putredine
541 3433 572 3486 Ε
597 3436 606 3502 ΙΙ
635 3439 667 3487 19
701 3430 880 3485 transiebant
908 3432 1104 3502 PLQVFG,

83 3501 255 3558 transibant
272 3504 352 3558 cetui
363 3502 366 3574 t
378 3502 464 3556 fuerit
472 3504 509 3572 E,
525 3503 579 3557 erit
592 3505 685 3575 iaeps
698 3505 707 3573 ΙΙ
721 3508 756 3556 20
769 3501 892 3556 vicinum
902 3521 925 3571 p
937 3506 947 3573 Η
962 3509 994 3556 22
1009 3502 1106 3573 palum

85 3591 141 3631 om.
149 3591 173 3643 p
187 3577 196 3644 Η
210 3579 243 3626 23
259 3573 441 3628 Tarentinam
461 3575 584 3646 Giacps
597 3580 606 3646 ΙΙ
620 3582 654 3630 25
673 3573 754 3629 nobis
770 3591 823 3643 pro
841 3573 912 3628 uelis
934 3575 960 3628 G

145 3675 288 3715 Psineuris
302 3673 337 3716 ed.
348 3674 481 3716 Schmitt.
930 3667 945 3715 5
