2524 3946
451 185 569 241 AGRIO.
583 187 635 240 ΠΠ
648 191 719 240 ''l-8
1028 186 1088 249 121

144 331 315 398 LAESAS
331 331 529 398 BIDENTE
546 329 737 397 OVRARE.
764 330 847 398 (lum
863 333 943 397 uitis
957 333 1090 397 bidente
1114 331 1135 396 5

76 423 221 498 laeditur
244 426 301 486 aut
319 421 416 507 ferro,
438 422 579 506 plagam,
598 422 626 485 si
645 424 751 486 terrae
770 421 882 486 iuncta
902 425 960 506 est,
985 421 1090 486 adline

78 517 223 577 stercore
252 511 352 575 ouillo
382 511 435 575 uel
459 511 606 592 caprino:
634 514 713 574 tunc
739 514 826 574 terra
850 511 954 575 mixta
977 515 1010 574 et
1034 507 1093 574 cir-

78 600 244 666 cumfossa
261 599 364 686 ligare
384 603 505 664 curato.
538 599 618 663 siin
636 599 743 664 radice
762 599 851 663 laesa
865 603 925 681 est,
945 600 1093 683 operiens

54 690 240 774 aliquidem
263 689 426 753 laetamen
450 687 599 752 admisce.

76 903 137 968 DE
165 900 294 968 onais
317 899 507 966 AMVROA
532 899 805 966 SAGINANDIS
833 899 891 965 ΕΤ
918 897 1095 965 CETERA
1139 959 1140 964 ,

430 1007 591 1073 EARVM
614 1005 742 1073 CVRA.

146 1133 244 1197 Nunc
268 1133 348 1197 oleis
372 1132 599 1197 laborantibus
619 1133 741 1196 circum
760 1132 883 1196 radices
902 1130 1028 1196 insulsa
1064 1129 1148 1196 VIII

77 1245 213 1288 amurca
231 1221 393 1286 fundetur.
430 1221 582 1286 maximis
602 1220 783 1303 arboribus,
808 1221 894 1304 quod
913 1217 1095 1285 Columella

40 1340 63 1376 10
77 1312 175 1396 dicit,
208 1333 264 1375 sex
292 1310 414 1396 congii,
442 1310 659 1375 mediocribus
688 1314 858 1394 quattuor,
890 1310 1006 1374 ceteris
1034 1331 1095 1393 pro

76 1399 310 1466 aestimatione
339 1398 515 1463 sufficiunt.
561 1399 618 1463 alii
646 1398 757 1483 paleas
785 1398 879 1462 fabae
910 1400 1006 1463 binos
1038 1420 1096 1482 per

75 1490 238 1554 maiorem
262 1489 412 1552 arborem
436 1490 559 1571 qualos,
583 1487 640 1551 alii
662 1487 784 1552 ueteris
804 1487 915 1552 urinae
934 1487 1095 1552 humanae

76 1584 212 1660 trunco,
244 1579 403 1662 quantum
430 1578 511 1640 satis
539 1577 682 1656 uidetur,
713 1575 896 1640 adfundunt
924 1579 957 1640 et
985 1577 1096 1641 arbori

75 1668 275 1732 mortarium
304 1667 418 1731 statim
444 1664 571 1730 faciunt
593 1663 733 1729 maxime
756 1665 836 1729 locis
861 1665 956 1730 siccis
979 1669 1096 1730 trunco

38 1782 62 1822 15
76 1762 156 1821 ante
190 1761 351 1838 cooperto.
399 1755 505 1819 oleam
535 1754 680 1819 sterilem
712 1754 842 1818 terebra
873 1754 994 1839 gallica
1024 1754 1139 1838 per-2

75 1844 213 1910 sorabis.
247 1850 326 1908 tunc
344 1844 425 1908 duos
444 1842 621 1928 frugiferae
641 1843 767 1908 arboris
786 1843 827 1906 ab
847 1843 984 1907 australi
1004 1847 1096 1926 parte

75 1955 191 1999 ramos
215 1933 359 1997 ciusdem
382 1932 619 2017 magnitudinis
642 1932 739 1996 tolles
763 1935 797 1994 ct
820 1931 934 1996 stricte
958 1931 993 1996 in
1012 1931 1097 1996 fora-

75 2046 155 2089 men
175 2026 351 2106 utrumque
371 2021 510 2086 conicies
529 2021 582 2085 uel
601 2020 743 2104 lapidem
762 2021 815 2084 uel
834 2020 905 2104 pini
919 2021 971 2084 uel
987 2021 1096 2104 querci

75 2113 176 2196 palos
196 2114 229 2174 et
248 2111 375 2175 absciso
396 2132 443 2194 co,
467 2111 553 2193 quod
573 2110 749 2193 superabit,
768 2110 839 2174 luto
858 2109 988 2192 paleato
1008 2130 1098 2173 cura·
1182 2179 1185 2186 Α

37 2229 61 2265 so
78 2201 130 2266 bis
147 2200 306 2264 occulere.
337 2199 394 2264 sed
411 2200 439 2263 si
454 2200 523 2264 sine
537 2198 632 2284 fruge
647 2198 823 2279 luxuriant,
837 2197 971 2262 oleastri
985 2197 1098 2280 palum

75 2287 247 2356 radicibus
270 2288 340 2353 eius
363 2287 471 2373 infige.
516 2309 602 2352 nunc
626 2288 738 2370 ctiam,
769 2285 887 2370 quibus
913 2285 1015 2350 moris
1039 2289 1099 2366 est,

74 2380 248 2444 frumenta
271 2378 391 2441 iterum
415 2376 516 2441 sarire
540 2377 720 2440 conueniet.
756 2397 843 2440 nunc
866 2375 947 2440 locis
968 2375 1097 2461 frigidis

76 2466 267 2549 seminaria,
289 2488 371 2550 quae
390 2465 555 2530 februario
575 2465 663 2530 dicta
683 2469 768 2548 sunt,
788 2466 943 2529 bacarum
957 2468 991 2529 et
1005 2464 1099 2528 semi-

74 2579 163 2622 num
187 2555 269 2619 fiant
293 2559 327 2619 et
351 2554 477 2618 rosaria
499 2554 535 2619 in
557 2553 678 2618 mensis
701 2552 798 2618 initio
822 2554 1041 2638 percolantur.
1139 2575 1143 2586 ·
1240 2567 1245 2578 ¹

156 2747 218 2800 1X
239 2745 375 2800 LAESAS
399 2747 431 2814 V,
459 2744 640 2799 SAESALAS
667 2745 701 2815 Q,
729 2747 802 2800 baca
829 2747 940 2800 titulum
970 2763 1020 2800 om.
1042 2746 1095 2815 El

75 2817 193 2874 Summi
210 2817 279 2872 uitis
297 2818 329 2871 E
378 2817 520 2871 bidandae
538 2817 566 2870 L
588 2820 597 2886 ll
625 2823 640 2869 2
659 2816 788 2870 laedetur
807 2817 897 2872 PLG
908 2817 969 2884 VT,
988 2815 1099 2869 ledetur

74 2891 137 2947 SF
209 2888 320 2958 ferriQ
386 2887 518 2958 plagaQ
549 2890 558 2957 ll
590 2887 735 2942 touilino
756 2890 787 2942 E
815 2890 818 2959 l
853 2891 882 2942 et
904 2904 954 2941 om.
978 2887 1071 2956 icccc

74 2963 142 3018 cA
177 2959 277 3015 ORGA
290 2960 368 3028 Pus
387 2959 509 3012 insulsas
522 2959 553 3012 E
565 2961 604 3027 ”9
624 2975 741 3029 amurga
754 2960 802 3028 ΡΙΙ
818 2966 849 3013 11
865 2956 1073 3012 extimationec'

75 3041 112 3090 12
133 3030 274 3113 maiorem
292 3049 376 3100 amp
392 3033 395 3102 l
412 3030 488 3111 calos
508 3031 538 3084 E
554 3033 563 3100 ss
584 3037 615 3083 13
636 3032 772 3102 quantum
791 3048 840 3084 om.
856 3031 886 3084 E
898 3032 907 3098 ΙΙ
922 3034 962 3109 lb
974 3031 1101 3083 ueterem

71 3123 132 3232 {tl
148 3103 407 3244 staffili?
415 3100 1077 3254 fallatfallat„ll'ttlltttt‘t

74 3249 146 3302 lutu
165 3245 211 3315 Qll
225 3251 259 3298 20
280 3245 330 3299 sed
347 3262 397 3299 om.
413 3246 431 3312 a,
450 3244 514 3298 lact.
529 3261 542 3298 a
558 3247 562 3315 l
579 3263 603 3297 s1
622 3262 671 3298 om.
685 3244 772 3313 PLQ
788 3245 792 3315 Ι
808 3242 903 3313 palum
917 3242 961 3296 vel
975 3190 1101 3313 lapidem

75 3319 123 3374 vel
145 3317 210 3387 pini
229 3315 273 3370 vel
292 3315 388 3385 querci
406 3314 485 3385 palos
504 3333 517 3370 a
537 3319 547 3382 ΙΙ
566 3321 598 3368 21
620 3312 874 3369 nunc—conuenit
892 3331 976 3384 ooap
992 3316 996 3384 Ι
1013 3313 1100 3367 ctiam

74 3390 164 3447 onai
186 3391 195 3458 ll
218 3393 251 3441 22
271 3387 375 3442 satiare
396 3388 422 3442 G
444 3390 453 3457 ll
477 3393 510 3440 23
529 3385 683 3441 Februario
701 3402 796 3440 mense
817 3387 944 3456 Gaopsl
965 3386 1098 3439 bacarum

75 3460 226 3517 seminum
245 3458 321 3530 san
335 3465 369 3513 24
391 3460 463 3512 fiunt
480 3459 514 3512 ia
