2556 3942
191 215 234 278 58
612 217 782 271 PALLADII

191 362 354 427 radicibus
383 366 416 426 et
442 383 556 426 umore
579 362 722 428 detento.
765 363 820 427 sed
847 366 880 426 et
904 363 1013 426 solnta
1036 362 1149 446 glarea
1174 368 1208 426 et

191 451 372 516 calculosus
405 472 483 536 ager
516 454 548 515 et
581 452 720 516 mobiles
752 452 891 537 lapides,
924 451 952 516 si
984 455 1096 515 tamen
1123 451 1208 516 haee

192 540 302 605 omnia
330 541 435 626 glebis
464 561 497 603 se
525 539 703 626 pinguibus
727 541 941 624 miscuerunt,
970 543 1003 603 et
1027 540 1120 622 silex,
1153 541 1208 604 oui

192 633 281 693 terra
304 629 474 714 subposita
493 633 553 712 est,
577 630 654 713 quia
672 629 812 715 frigidus
832 633 883 694 est
902 633 935 692 et
953 629 1077 694 umoris
1096 630 1210 714 tenax,

190 719 314 784 radices
340 722 464 782 aestate
489 716 579 781 sitire
602 739 668 782 non
686 719 819 801 patitur.
857 719 937 783 item
955 718 1036 797 loca,
1061 717 1207 800 adquae
1232 743 1241 781 s

191 807 229 871 de
254 808 478 872 cacuminibus
502 810 590 870 terra
613 807 764 890 decurrit,
787 808 840 872 uel
862 808 974 884 ualles,
1001 828 1080 890 quas
1099 805 1208 870 flumi-

189 918 269 960 num
297 896 459 962 saturebit
488 895 650 980 adgesti0:
684 897 739 960 sed
767 895 829 961 boc
857 897 892 960 in
919 895 971 959 his
999 895 1093 979 loeis,
1121 915 1207 978 quae

145 983 266 1070 4gelu
294 990 328 1048 et
355 982 483 1049 nebulis
511 982 630 1048 infesta
659 1007 728 1049 esse
757 1007 823 1049 non
854 988 1000 1069 possunt.
1048 984 1208 1070 argillosa

190 1077 279 1137 terra
300 1073 470 1138 commoda
487 1076 545 1152 est,
565 1073 682 1158 argilla
697 1078 807 1138 autem
822 1075 893 1139 sola
907 1073 1054 1158 grauiter
1072 1073 1209 1138 inimica

191 1165 225 1226 et
253 1167 372 1246 cetera,
401 1184 483 1246 quae
511 1162 546 1224 in
569 1162 776 1246 generalibus
800 1163 875 1227 dixi.
916 1184 993 1226 nam
1017 1162 1122 1244 locus,
1150 1163 1206 1246 qui
1222 1187 1241 1224 n

191 1251 310 1315 misera
334 1251 480 1336 uirgulta
502 1251 705 1334 produxerit,
731 1251 784 1316 uel
813 1251 995 1337 uliginosus
1018 1250 1073 1314 uel
1097 1249 1207 1314 salsus

145 1337 168 1402 5
190 1339 243 1403 uel
263 1362 393 1404 amarus
413 1340 465 1404 uel
485 1340 672 1404 siticulosus
692 1344 725 1404 et
746 1341 855 1405 aridus
873 1338 1077 1422 inprobatur.
1109 1339 1208 1424 niger

192 1429 306 1492 sabulo
335 1433 369 1492 et
396 1429 514 1492 rubeus
542 1429 633 1492 utilis
657 1433 720 1512 est,
750 1429 805 1493 sed
829 1429 881 1492 cui
904 1428 999 1492 fortis
1023 1431 1113 1492 terra
1135 1451 1207 1512 per·

191 1518 295 1582 mixta
311 1521 369 1583 est.
398 1517 625 1598 carbunculus,
643 1517 707 1581 nisi
722 1521 929 1598 stercoretur,
950 1539 1075 1581 macras
1090 1516 1206 1582 uineas

190 1605 304 1671 reddit.
355 1609 390 1670 in
422 1604 552 1671 rubrica
580 1605 712 1670 difficile
742 1605 1020 1690 conprehendunt,
1053 1608 1206 1689 quamuis
1221 1629 1241 1669 15

190 1695 305 1778 postea
341 1696 537 1759 nutriantur.
588 1695 644 1758 sed
680 1695 743 1761 hoc
777 1717 879 1781 genus
912 1699 1017 1759 terrae
1051 1694 1206 1778 operibus

190 1785 359 1849 inimicum
388 1789 452 1869 est,
481 1785 557 1868 quia
583 1805 687 1868 paruo
715 1784 767 1848 uel
794 1806 907 1848 umore
936 1785 989 1847 uel
1014 1782 1082 1847 sule
1106 1784 1206 1848 nimis

191 1873 348 1938 madescit
376 1878 432 1937 aut
459 1874 540 1937 dura
568 1879 626 1936 est.
673 1878 707 1937 at
735 1873 875 1936 maxime
903 1872 984 1936 utile
1013 1871 1120 1936 solum
1146 1877 1206 1950 est,

191 1962 277 2046 quod
300 1963 387 2027 inter
411 1984 522 2027 omnes
545 1961 732 2026 nimietates
755 1965 1051 2044 temperamentum
1076 1962 1207 2026 tenebit

145 2048 166 2112 6
191 2054 223 2115 et
251 2073 324 2116 raro
354 2051 538 2135 proximum
569 2071 667 2134 quam
691 2051 790 2115 denso
813 2051 922 2114 fuerit.
964 2050 1097 2134 plagam
1122 2051 1241 2114 caelia

189 2140 286 2205 uinea
310 2145 457 2225 spectare
481 2140 577 2203 debet
596 2139 677 2204 locis
696 2139 825 2225 frigidis
844 2138 1065 2222 meridianam,
1089 2138 1205 2202 calidis

191 2231 506 2313 septemtrionalem,
534 2227 653 2312 tepidis
684 2230 855 2313 orientem,
884 2228 911 2291 si
939 2232 1050 2291 tamen
1073 2231 1205 2292 austros

190 2318 242 2382 uel
276 2339 370 2382 euros
405 2322 494 2404 regio
525 2339 592 2381 non
618 2317 737 2381 habeat
766 2317 923 2381 inimicos.
971 2316 1057 2400 quod
1086 2316 1115 2378 si
1143 2316 1206 2381 hoo

191 2414 242 2470 est
264 2407 393 2492 uitium,
417 2407 533 2470 melius
557 2407 592 2470 in
615 2406 801 2489 aquilonem
824 2405 876 2469 uel
900 2404 1069 2470 lenonium
1092 2404 1206 2469 uineta

147 2495 166 2559 'l
192 2495 373 2580 dirigimus.
419 2495 474 2560 sed
498 2495 603 2581 locus,
632 2495 688 2579 qni
715 2493 928 2579 pastinandas
953 2496 1016 2575 est,
1043 2493 1135 2577 prius
1160 2495 1242 2558 in-ss

191 2584 384 2668 pedimentis
413 2589 446 2648 et
475 2585 625 2648 omnibus
654 2584 743 2648 elisis
767 2583 924 2649 liberetur
948 2582 1135 2666 arboribus,
1164 2606 1205 2647 ne

264 2799 277 2846 1
293 2792 436 2847 radicibus
449 2795 538 2847 estate
548 2793 579 2846 E
591 2796 600 2864 ΙΙ
614 2792 838 2861 3miscuerinta,
853 2791 989 2847 miscuere
1003 2793 1073 2863 irps
1084 2792 1087 2864 l
1100 2791 1207 2846 circum

190 2867 332 2934 terramp
354 2867 363 2935 ss
386 2872 402 2917 4
424 2864 584 2934 suppositus
600 2882 634 2934 p,
654 2863 831 2935 superposita
849 2881 925 2934 acqs
954 2866 959 2932 Ι
984 2865 1027 2917 est
1042 2871 1106 2932 post
1123 2865 1204 2933 subp.

190 2953 240 2992 om.
257 2939 302 3007 pl!
316 2943 332 2990 5
352 2938 437 3004 atque
454 2936 549 2990 PVF
560 2938 599 3006 llss
618 2935 702 2989 uallis
722 2937 797 3005 Vll?
818 2935 1030 3005 sed—possunt
1048 2953 1098 2990 om.
1111 2953 1132 3004 p
1148 2937 1153 3007 l
1168 2935 1204 2988 iis

190 3009 334 3079 EGacps
347 3011 356 3078 ss
371 3006 503 3062 8infecta
512 3008 565 3061 Ec
578 3009 587 3076 ll
602 3014 617 3060 9
629 3007 704 3061 salsa
716 3008 742 3061 V
752 3009 761 3076 ll
777 3012 808 3059 11
820 3006 867 3060 uel
876 3005 1041 3076 uliginosus.
1057 3005 1147 3060 salsus
1158 3007 1187 3060 E

193 3083 224 3130 12
252 3080 419 3148 reprobatur
441 3097 472 3147 a,
502 3078 676 3148 adprobatur
703 3078 895 3149 (approbatur)
923 3079 1003 3132 ceteri
1027 3085 1171 3146 proetus

192 3155 225 3202 13
253 3151 355 3203 rubens
380 3151 410 3204 Ε
435 3151 444 3219 ll
473 3155 506 3202 15
531 3149 640 3203 difficili
666 3150 700 3220 Q,
725 3148 844 3202 difficele
871 3149 905 3218 G,
929 3147 1071 3202 difficilius
1096 3166 1171 3219 ceps
1201 3159 1204 3220 ᾗ

192 3225 225 3274 17
245 3220 312 3288 quia
329 3221 442 3290 pastino
462 3218 508 3273 uel
526 3220 642 3273 humore
661 3222 703 3290 E,
722 3237 809 3291 paruo
828 3221 945 3274 humore
962 3219 1046 3274 nimis
1065 3217 1205 3274 madescit

192 3293 221 3344 et
238 3308 327 3360 paruo
346 3292 405 3345 solo
423 3290 508 3344 nimis
528 3291 651 3344 durescit
669 3310 687 3345 a
710 3295 719 3362 ΙΙ
742 3297 775 3345 18
794 3291 868 3345 mad.
890 3294 940 3346 aut
958 3290 1081 3345 siccatur
1099 3309 1112 3346 s
1128 3293 1131 3362 Ι
1153 3293 1203 3344 aut

191 3361 312 3414 maxime
323 3363 409 3431 PLQ
419 3363 488 3429 VE,
505 3377 521 3414 a
532 3363 625 3429 (raelt
633 3361 754 3416 maxime
766 3362 800 3428 G,
815 3379 852 3414 au
861 3362 982 3416 maxime
992 3362 1027 3431 F,
1039 3362 1179 3416 Maximei
1193 3362 1204 3434 [Ι

193 3439 225 3485 19
241 3431 396 3486 nimietatis
408 3433 444 3484 V¹
460 3435 464 3502 Ι
480 3431 639 3501 praestabit
648 3433 679 3485 E
690 3434 699 3503 ΙΙ
713 3438 747 3484 20
761 3433 824 3501 plus
841 3434 892 3486 ins.
904 3440 966 3487 autc
976 3432 1133 3502 proximum
1143 3431 1201 3505 ΕἸ

192 3503 296 3557 fauerit
316 3503 339 3572 Q
362 3504 370 3571 Η
394 3508 425 3554 21
447 3502 595 3582 expectare
614 3504 640 3556 L
663 3505 672 3572 ΙΙ
696 3509 729 3555 ‘23
747 3502 835 3555 habet
853 3503 884 3555 Ε
898 3505 902 3572 1
918 3520 974 3570 quo
995 3505 1021 3558 G
1041 3508 1050 3574 ΙΙ
1074 3510 1107 3558 26
1126 3502 1203 3557 elisis

193 3589 243 3627 om.
254 3591 289 3643 p,
308 3574 372 3626 incl.
387 3589 413 3640 s,
433 3570 597 3625 elisionibus
616 3574 678 3627 hab.
698 3573 741 3642 Vl
760 3573 866 3626 arboris
886 3575 949 3628 PV
