2556 3942
480 216 598 274 AGRIO.
613 219 627 272 Ι
641 223 747 274 24-27
1081 219 1124 284 27

102 364 270 431 interdum
285 364 325 430 ad
339 363 537 429 excludenda
550 363 685 429 fastidia
699 368 733 429 et
747 363 887 430 maxime
902 386 987 449 aqua
1000 365 1121 432 munda

102 453 279 520 tribuatur.
326 451 518 518 claudantur
545 452 663 518 inlaesi
691 457 724 517 et
751 474 863 518 recens
892 453 981 538 capti
1009 452 1121 519 mixtis

103 542 271 628 aliquibus
300 546 376 606 ante
403 541 551 625 nutritis,
579 561 718 624 quorum
746 542 902 608 societate
929 542 969 606 ad
993 543 1121 627 capien-

102 633 163 697 dos
193 632 284 697 cibos
311 630 465 714 pauidam
492 651 596 695 nouae
624 630 828 714 captiuitatis
852 631 1122 698 maestitudinem

71 751 85 791 5
102 721 323 787 consolentur.

462 859 522 924 Du
548 857 769 926 GALLINIS.

170 984 318 1051 Gallinas
346 985 482 1050 educare
509 983 600 1050 nulla
628 985 745 1050 mulier
768 986 884 1070 nescit,
914 1007 996 1070 quae
1041 985 1173 1052 XXVII

99 1076 200 1142 modo
224 1075 355 1141 uidetur
377 1073 547 1139 industria.
583 1074 646 1139 hoc
670 1074 708 1139 de
730 1073 783 1139 his
805 1075 1009 1160 praecepisse
1029 1075 1120 1140 suffi-

100 1165 182 1249 ciat,
210 1168 248 1230 ut
271 1163 375 1248 fumo,
403 1163 537 1246 puluere
563 1166 700 1228 utantur
723 1167 757 1228 et
780 1162 897 1230 cinere.
939 1164 1005 1230 sint
1029 1185 1121 1247 prae

53 1287 82 1326 ιο
99 1255 197 1339 cipue
221 1252 334 1338 nigrae
358 1256 417 1318 aut
438 1251 517 1316 flaui
539 1251 673 1335 coloris,
701 1252 794 1318 albae
824 1253 981 1319 uitentur.
1027 1253 1121 1318 uina-

99 1343 172 1408 ciae
206 1341 279 1407 cibo
312 1341 527 1408 sterilescunt.
575 1339 695 1406 hordeo
729 1341 906 1442 semicocto
939 1345 973 1407 ot
1004 1364 1120 1426 parere

99 1429 692 1602 transsiliendum
715 1451 853 1604 &litt
882 1431 1120 1603 lttbtllt.

99 1608 316 1693 subponenda
338 1612 416 1672 sunt
437 1606 490 1671 his
515 1629 642 1690 semper
666 1629 729 1674 oua
752 1629 887 1674 numero
910 1609 1019 1692 inpari
1039 1607 1119 1674 luna

51 1733 81 1772 15
99 1701 269 1764 crescente
288 1719 308 1761 a
326 1695 451 1762 decima
464 1716 566 1779 usqne
582 1696 617 1760 in
632 1695 781 1780 quintam
795 1696 963 1762 decimam.
995 1696 1118 1782 pituita
1142 1697 1163 1760 2

98 1787 154 1852 his
179 1785 270 1851 nasci
293 1785 387 1870 solet,
412 1807 493 1870 quae
515 1785 591 1849 alba
609 1785 761 1867 pellicula
780 1784 927 1871 linguam
946 1786 1048 1851 uestit
1067 1808 1119 1851 ex·

98 1883 252 1942 tremam.
284 1873 364 1940 haee
383 1874 502 1939 leuiter
520 1873 684 1959 unguibus
703 1873 838 1938 uellitur
855 1879 888 1938 ct
902 1875 994 1940 locus
1010 1874 1118 1941 cinere

97 1965 252 2049 tangitur
283 1967 317 2027 et
349 1963 427 2028 allio
460 1962 540 2028 trito
570 1962 670 2048 plaga
696 1963 854 2028 mundata
881 1964 1117 2049 conspergitur.

96 2054 184 2119 item
216 2052 285 2117 allii
317 2052 403 2117 mica
433 2050 513 2116 trita
546 2073 620 2117 cum
658 2050 730 2117 oleo
767 2050 915 2117 faucibus
952 2052 1117 2118 inseritur.

49 2177 81 2216 20
98 2143 196 2208 statis
220 2141 320 2207 etiam
344 2140 437 2227 agria
459 2140 604 2226 prodest,
626 2141 655 2204 si
679 2139 761 2206 cibis
782 2141 957 2206 misceatur
975 2139 1117 2206 adsidue.

97 2232 130 2296 si
155 2252 304 2296 amarum
326 2229 476 2313 lupinum
499 2229 684 2315 comedant,
712 2229 773 2294 sub
798 2229 899 2295 oculis
923 2228 991 2293 illis
1015 2250 1119 2315 grana

95 2323 175 2406 ipsa
200 2319 389 2404 procedunt.
438 2339 520 2403 quae
547 2317 612 2383 nisi
640 2339 700 2384 acu
728 2317 847 2382 leuiter
874 2316 997 2401 apertis
1025 2319 1117 2402 pelli·

94 2409 185 2475 culis
213 2407 415 2491 auferantur,
447 2407 652 2492 extinguunt.
699 2406 810 2472 oculos
838 2407 1007 2491 portulaca
1037 2429 1115 2474 suco
1140 2408 1161 2472 3

95 2497 282 2564 forinsecus
311 2500 344 2562 et
372 2496 518 2560 mulieris
546 2496 631 2561 lacte
659 2517 809 2561 curemus
835 2495 888 2562 uel
912 2497 1115 2562 ammoniaco

175 2659 190 2706 2
206 2653 377 2723 praebeatur
390 2653 483 2722 iacgr
499 2653 503 2724 1
520 2651 689 2707 claudantur
702 2668 752 2706 om.
770 2652 796 2706 G
812 2655 816 2722 1
832 2654 959 2706 recenter
973 2653 1095 2723 Viacys

95 2733 116 2781 5
137 2724 319 2780 consulantur
337 2725 368 2793 V,
388 2741 438 2778 om.
455 2724 481 2778 G
495 2725 504 2794 11
520 2729 534 2776 7
553 2722 659 2777 femina
677 2724 708 2776 Ε
722 2723 726 2794 1
743 2723 1003 2790 quae—industria
1017 2726 1095 2778 onai

96 2804 116 2852 8
137 2795 271 2852 uideatur
284 2813 361 2866 ceps
376 2797 380 2864 1
397 2795 451 2849 hoc
464 2795 548 2850 modo
562 2795 593 2850 E
607 2795 611 2865 1
627 2793 797 2875 praecipisse
811 2795 834 2865 Q
848 2797 856 2864 11
872 2800 887 2848 9
902 2794 978 2849 fumo
988 2794 1077 2864 LQV
1109 2838 1117 2863 ,

95 2869 166 2922 fimo
185 2868 266 2922 ceteri
285 2872 289 2934 1
313 2865 482 2936 praecipuae
501 2866 565 2920 LV
584 2868 593 2948 11
617 2872 650 2920 10
669 2864 729 2918 faur
750 2865 773 2935 Q
797 2867 801 2936 1
827 2866 876 2920 sed
896 2866 978 2920 albae
997 2867 1021 2933 i,
1042 2866 1116 2937 [sed]

95 2939 186 2994 albae
208 2956 262 3010 epa
287 2939 291 3008 1
316 2939 431 2992 utentur
456 2937 479 3007 Q
503 2940 507 3008 1
532 2935 693 2992 Uicrnatiae
716 2937 755 3005 L,
780 2953 914 3006 cappro,
937 2935 1062 2992 Unaciae
1085 2937 1116 3007 Q,

95 3009 214 3066 uiuacis
233 3010 269 3078 F,
294 3009 435 3064 Vinaceac
454 3026 531 3080 acps
549 3009 558 3089 11
578 3014 610 3061 11
630 3007 700 3061 semi
718 3009 748 3062 ot
767 3011 854 3062 cocto.
884 3010 913 3061 et
933 3007 959 3061 G
981 3010 991 3077 11
1015 3013 1047 3060 12
1067 3024 1117 3062 no-

94 3083 218 3137 scuntur
231 3082 262 3135 E
276 3084 280 3153 1
295 3080 457 3135 redundant
469 3080 516 3161 L]
533 3078 601 3134 crati
614 3079 650 3149 L,
665 3077 757 3148 quiati
774 3079 804 3149 Q,
820 3077 914 3148 quatis
930 3078 956 3132 G
970 3080 979 3147 11
994 3084 1027 3132 13
1043 3095 1117 3148 quac

94 3153 231 3208 circumit
248 3152 277 3221 S,
296 3169 346 3206 om.
361 3153 380 3220 a',
400 3167 473 3220 quae
492 3153 530 3204 sit
548 3167 623 3221 uaga
642 3168 719 3231 ωερε
732 3153 741 3220 11
757 3157 790 3204 14
810 3165 919 3230 semper
937 3165 992 3204 oua
1005 3149 1050 3204 his
1065 3151 1114 3224 Ε1

93 3223 223 3296 imparia
240 3225 274 3294 ill
289 3228 322 3277 15
341 3238 430 3292 usquc
449 3222 486 3278 ad
500 3223 531 3277 Ε
543 3225 552 3292 11
567 3227 600 3276 16
618 3224 706 3276 uertit
721 3222 748 3275 G
761 3223 770 3290 11
785 3227 819 3274 18
839 3220 895 3301 allo
909 3221 1012 3346 LQSEJ
1028 3221 1117 3346 plappa.

93 3314 148 3352 om.
167 3296 203 3364 F,
222 3293 301 3365 linga
319 3296 380 3350 bob.
396 3295 427 3348 E
450 3295 453 3364 1
478 3293 615 3348 mundata
633 3310 683 3347 om.
702 3293 726 3363 Q
751 3295 761 3362 11
789 3298 822 3346 19
841 3294 911 3346 rtem
928 3295 960 3346 ut
1034 3296 1037 3362 1
1094 3311 1116 3346 11

93 3367 202 3440 LQSl
219 3383 281 3420 com
295 3366 326 3420 E
340 3367 343 3436 1
359 3364 499 3420 inseretur
512 3363 672 3432 LFGSE,
690 3363 831 3419 inseratur
849 3364 911 3430 VT,
930 3363 1050 3417 infertur
1064 3381 1087 3432 p

94 3447 132 3494 20
153 3436 265 3508 staphis
281 3437 448 3517 GSEacqs
463 3437 467 3507 1
485 3435 565 3506 agria
578 3434 665 3489 ctiam
679 3434 844 3504 STEocys
860 3434 865 3508 1
882 3433 1019 3488 adsiduae
1032 3434 1059 3488 L
1070 3435 1096 3488 V

94 3517 130 3565 21
152 3509 232 3564 illius
251 3509 278 3562 L
291 3511 301 3579 11
315 3514 349 3562 23
368 3509 519 3577 extingunt
536 3507 718 3578 LQSTFa,
738 3503 922 3575 extingrmtur
941 3505 987 3574 Vll
1001 3509 1035 3558 24
1055 3520 1114 3558 am-

93 3581 230 3637 monaico
249 3579 289 3652 L,
308 3578 454 3634 amoniaco
475 3578 501 3634 G
