2538 3942
148 166 212 230 ms
568 162 737 218 PALLADE

147 315 274 396 pestem
297 310 473 375 multitudo
498 309 657 374 subducta
681 312 744 392 est,
770 308 884 392 populi
907 308 1087 374 adiectione
1113 331 1166 374 re-

147 422 270 484 parare,
297 398 516 464 considerabis
539 398 574 462 in
597 396 670 462 aliis
694 397 934 462 abundantibus
958 419 1047 464 ceras
1070 397 1167 463 fauo-

147 512 221 554 rum
235 493 268 553 et
283 488 516 572 extremitates,
534 509 615 572 quae
630 486 737 570 pullos
751 486 882 570 habent,
902 491 944 568 et,
957 485 1015 551 ubi
1029 486 1166 571 signum

147 577 306 644 nascituri
333 577 420 662 regis
448 576 625 658 inueneris,
653 597 726 640 cum
755 575 868 640 subole
898 597 956 640 sua
979 574 1101 640 recides
1126 581 1166 640 et

102 667 183 732 9in
209 667 242 731 id
270 665 450 732 aluearium
477 686 586 749 pones.
633 667 683 728 est
713 667 822 728 autern
849 663 912 729 hoc
939 665 1027 750 regis
1054 663 1166 730 futuri
1203 690 1218 730 5

147 756 287 841 signum.
323 756 410 820 inter
433 759 540 818 cetera
558 751 728 836 foramina,
752 774 834 836 quae
851 753 960 836 pullos
980 753 1167 837 continent,

147 867 246 909 unum
270 844 375 910 maius
399 866 437 909 ac
460 842 590 928 longius
613 841 705 906 uelut
725 841 806 906 uber
825 841 968 925 adparet.
1005 842 1059 906 sed
1077 846 1166 908 tunc

147 931 364 998 transferendi
380 935 465 1016 sunt,
484 931 613 1017 quando
632 931 735 995 erosis
755 931 955 1014 cooperculi·
972 931 1012 994 ad
1025 951 1167 996 nascen-

147 1023 224 1088 dum
242 1021 363 1086 maturi
383 1021 492 1105 capita
509 1020 660 1084 nituntur
678 1041 820 1084 exerere:
838 1041 915 1084 nam
933 1019 1166 1085 siinmaturos

146 1111 365 1187 transtuleris,
387 1109 577 1175 interibunt.
622 1109 650 1172 si
673 1111 783 1173 autem
807 1130 840 1172 se
864 1109 1011 1173 subitum
1033 1108 1168 1174 leuabit
1188 1137 1220 1174 ro

146 1222 290 1284 examen,
314 1199 455 1282 strepitu
477 1197 561 1262 aeris
580 1200 742 1262 terreatur
762 1200 819 1262 aut
836 1197 983 1262 testulae.
1019 1201 1099 1262 tnnc
1119 1201 1170 1264 ad

147 1289 326 1354 aluearium
354 1288 457 1352 rediet
484 1291 541 1351 aut
564 1286 599 1350 in
621 1286 770 1370 proxima
792 1285 906 1350 fronde
928 1285 1095 1369 pendebit:
1128 1291 1170 1352 et

146 1378 220 1442 inde
244 1377 279 1440 in
300 1399 421 1442 nouum
446 1397 504 1440 uas
528 1374 638 1440 herbis
660 1373 822 1440 consuetis
842 1380 877 1439 et
894 1374 990 1439 melle
1009 1395 1171 1458 consper-

147 1488 220 1531 sum
243 1488 341 1530 manu
366 1465 557 1530 adtrahatur
581 1467 638 1528 aut
661 1464 762 1528 trulla
790 1467 835 1546 et,
863 1486 937 1528 cum
964 1464 1058 1528 ineo
1083 1463 1170 1530 loco

146 1554 358 1640 requienerit,
381 1575 515 1638 uespere
538 1553 624 1617 inter
648 1552 713 1617 alia
736 1553 930 1618 conlocetur.
1192 1579 1218 1618 15

328 1783 388 1849 DII
412 1781 687 1848 PAVIMENTIS
710 1781 768 1848 ΕΤ
791 1781 975 1848 Lernan.

92 1908 177 1974 VIII
243 1907 317 1974 Hoc
345 1908 445 1974 etiam
472 1931 582 1974 mense
607 1909 795 1991 pauimenta
817 1907 973 1972 faciemus
998 1908 1057 1973 sub
1082 1909 1173 1976 diuo

147 2002 180 2063 et
203 1999 321 2064 lateres
346 2019 449 2081 more,
473 2020 536 2082 quo
561 1997 635 2062 dixi.

236 2209 463 2286 QVALITER
485 2208 731 2274 FRVOTVVM
753 2207 1065 2274 VENTVRORVM

352 2314 674 2382 EXPERIMENTA
699 2313 953 2380 SVMANTVR.
1188 2349 1217 2386 ao

92 2439 192 2506 VIIH
261 2440 377 2506 Graeci
400 2442 554 2506 adserunt
571 2440 755 2526 Aegyptios
773 2440 836 2504 hoc
854 2461 944 2504 more
962 2445 1172 2523 prouentum

146 2528 249 2593 futuri
273 2529 428 2613 cuiusque
452 2531 585 2594 seminis
609 2529 755 2613 experiri.
796 2551 905 2594 aream
928 2529 1060 2592 breuem
1086 2529 1172 2597 loeo

147 2617 283 2683 subacto
308 2621 341 2682 et
364 2619 473 2683 umido
496 2641 583 2683 nunc
606 2617 759 2683 excolunt
782 2617 872 2682 etin
895 2640 932 2683 ea
953 2616 1065 2682 diuisis
1089 2641 1173 2703 spa-

146 2706 203 2771 tiis
227 2706 337 2771 omnia
360 2706 515 2772 frumenti
539 2707 591 2772 uel
614 2707 816 2792 leguminum
840 2702 963 2770 semina
987 2717 1170 2791 spargunt.

146 2796 260 2861 deinde
283 2796 318 2860 in
342 2799 416 2860 ortu
440 2796 618 2880 caniculae,
646 2795 702 2880 qui
730 2797 815 2879 apud
837 2794 1002 2860 Romanos
1027 2801 1173 2877 quarto·
1191 2829 1220 2868 25

219 2959 233 3006 1
261 2955 372 3022 partem
395 2969 448 3021 pro
474 2954 583 3021 pestem
607 2953 633 3006 G
658 2953 662 3024 Ι
689 2951 799 3006 adiecto
827 2969 863 3006 ne
889 2953 1001 3022 reparet
1023 2951 1054 3004 Ε
1083 2955 1087 3021 Ι
1120 2972 1174 3010 re-

145 3039 244 3092 parare
263 3023 289 3076 V
312 3026 322 3093 ΙΙ
349 3031 366 3077 4
392 3022 446 3077 erit
460 3040 513 3092 pro
531 3023 709 3092 inuenerisp
736 3025 745 3094 ΙΙ
773 3022 837 3077 oid
856 3040 905 3077 om.
922 3023 952 3076 E
975 3024 979 3093 Ι
1004 3038 1086 3092 regas
1107 3025 1138 3079 L
1167 3029 1172 3100 fi

146 3093 234 3148 futuri
251 3095 326 3164 regis
344 3097 436 3165 iocus
463 3097 472 3164 l
500 3101 515 3147 7
540 3097 570 3149 et
587 3094 699 3164 longius
718 3095 749 3148 E
774 3097 778 3165 Ι
804 3097 922 3164 apareat
940 3094 970 3148 E
995 3096 1004 3164 Η
1031 3096 1175 3151 Strans-

146 3165 262 3218 ferenda
280 3167 328 3234 El
346 3165 431 3219 erosis
451 3183 500 3220 om.
516 3165 564 3237 El
581 3165 719 3236 operculis
737 3166 769 3233 V,
791 3164 944 3235 coperculis
964 3165 994 3218 F
1013 3167 1022 3234 ΙΙ
1045 3170 1061 3218 9
1082 3181 1174 3222 exer-

147 3251 209 3290 cere
234 3235 291 3304 QE
319 3239 323 3306 Ι
353 3253 419 3289 nam
446 3253 495 3290 om.
519 3237 544 3290 G
573 3239 577 3306 Ι
607 3235 665 3289 iam
691 3239 816 3290 maturos
842 3237 868 3291 G
894 3239 904 3306 ΙΙ
932 3241 964 3290 10
993 3235 1088 3290 subito
1109 3237 1142 3291 V
1164 3243 1177 3316 n

147 3311 179 3359 11
195 3305 321 3374 sonitup
334 3309 343 3376 ΙΙ
360 3313 390 3359 12
407 3306 545 3360 albanum
559 3309 604 3376 ΡΙ
620 3306 726 3361 redibit
743 3309 836 3378 iaeqs
849 3309 859 3377 ss
874 3313 906 3360 13
921 3323 1070 3376 conspersa
1088 3308 1165 3365 GE

147 3375 305 3447 conspersio
323 3377 354 3444 V,
379 3393 526 3500 consgerso
549 3377 750 3447 PLQSTFP
768 3381 790 3502 ,μ
809 3385 843 3431 14
861 3395 947 3432 manu
965 3394 1014 3432 om.
1030 3397 1053 3448 p
1077 3379 1081 3450 Ι
1108 3357 1175 3439 ant

145 3447 233 3500 trulla
251 3448 404 3515 0711111116
423 3447 444 3500 L
470 3447 543 3500 TER
558 3448 606 3517 Gn
622 3455 653 3501 19
672 3448 767 3504 FRVC
792 3449 847 3502 VM
867 3449 912 3518 ῼΙι
927 3455 960 3502 22
979 3449 1091 3504 uenturi
1105 3451 1146 3506 Ε
1166 3459 1171 3529 ι

146 3516 176 3568 in
194 3517 255 3570 loco
275 3518 311 3585 Ε,
330 3515 388 3570 leui
402 3533 425 3584 p
438 3519 447 3585 ΙΙ
462 3523 496 3570 24
513 3517 657 3587 legumina
675 3519 721 3572 uel
738 3519 872 3574 frumenti
885 3539 907 3588 p
920 3523 929 3591 ΙΙ
944 3527 977 3574 25
996 3537 1068 3590 quaa
1089 3521 1116 3576 G·
