2556 3942
524 212 731 268 PRAEFATIO
1088 216 1144 270 VH

123 364 401 443 perantiquum,
424 365 461 421 ut
479 366 525 423 est
542 364 575 423 in
593 365 646 424 illo
666 365 805 444 catalogo
824 366 1027 445 lugdunensi,
1051 386 1142 444 quem

121 473 216 531 supra
238 453 286 512 bis
310 453 549 531 commemoravi,
573 454 659 530 sequi
681 454 815 514 videtur:
845 456 896 514 scd
920 455 993 533 quid
1014 475 1047 516 re
1069 475 1144 517 vera

117 544 234 620 valeat,
266 542 360 619 paulo
392 542 472 600 infra
501 546 664 618 quaeretur
696 562 790 619 aeque
820 563 854 602 ac
882 545 917 603 de
941 544 1087 605 Politiani
1110 546 1142 604 et

119 632 233 694 codicis
255 631 442 690 Erfurtensis
465 631 652 691 lectionibus.

189 720 308 780 Accedo
337 720 375 778 ad
405 737 455 780 eos
488 719 615 798 codices,
654 739 729 797 quos
766 721 829 797 ipse
860 721 976 798 primus
1009 722 1142 782 excussi:

117 811 232 871 horum
256 809 378 886 quidem
402 811 549 885 quattuor
570 827 681 887 genera
703 809 792 869 facile
816 811 973 870 discernas.

191 899 294 974 Atque
316 898 450 975 primum
468 917 563 975 genus
587 897 722 959 efficiunt
739 902 801 958 tres
823 899 894 958 libri
916 899 1143 978 manuscripti,

121 987 178 1064 qui
208 1007 243 1047 ex
271 987 375 1047 eodem
400 986 500 1046 codice
523 987 621 1047 verbis
649 985 871 1047 continentibus
900 990 1020 1048 exarato
1043 989 1142 1046 trans-

122 1075 231 1154 scripti
250 1078 322 1136 sunt
340 1078 371 1134 et
389 1078 542 1137 vetustate
562 1078 654 1152 atque
672 1076 849 1155 integritate
864 1079 995 1155 quadam
1014 1078 1144 1153 scriptu·

118 1185 173 1226 rae
198 1165 356 1224 excellunt.

188 1255 237 1312 Ex
264 1253 307 1313 eis
335 1256 381 1312 est
407 1254 631 1315 vetustissimus
662 1255 753 1314 codex
779 1255 808 1313 L
832 1255 850 1314 i.
875 1275 898 1314 e.
922 1253 1142 1332 Laudunensis,

121 1343 177 1419 qui
200 1342 343 1402 Lauduni
365 1343 398 1401 in
420 1343 537 1402 urbana
559 1343 742 1402 bibliotheca
766 1343 821 1402 sub
848 1364 973 1403 numero
998 1346 1060 1404 426
1085 1343 1142 1403 bis

120 1432 308 1492 adservatur.
355 1431 404 1492 hic
422 1432 514 1492 codex
537 1433 583 1491 est
605 1432 863 1511 membranaceuS,
885 1452 978 1491 manu
1002 1433 1141 1510 scriptus,

120 1521 237 1581 saeculi
257 1519 309 1598 IX,
332 1520 476 1580 foliorum
496 1523 568 1599 120,
593 1540 670 1596 quae
693 1521 773 1580 notis
796 1541 989 1580 numerorum
1012 1541 1073 1581 non
1096 1520 1142 1579 in-

120 1612 240 1670 structa
260 1611 339 1687 sunt,
362 1629 505 1669 versuum
520 1611 570 1687 25,
593 1608 708 1669 formae
727 1629 821 1686 paene
842 1611 1015 1686 quadratae.
1043 1610 1143 1687 primo

121 1698 323 1776 quaternione
347 1697 502 1758 deficiente
524 1697 635 1774 reliqui
658 1698 808 1774 incipiunt
829 1699 876 1758 his
899 1699 1010 1759 verbis:
1034 1698 1143 1759 obru-

121 1791 246 1866 antur,
270 1788 381 1847 douec
403 1788 533 1847 munda
555 1790 582 1864 1,
602 1789 631 1865 8,
651 1789 680 1846 2.
717 1786 854 1847 Palladio
877 1787 962 1847 finito
986 1789 1019 1847 in
1041 1789 1145 1864 poste·¹

63 1869 65 1874 ’
120 1877 203 1937 riore
226 1876 341 1954 pagina
363 1876 431 1936 folii
456 1879 517 1937 115
546 1875 654 1952 incipit
676 1875 856 1953 Anonymi
885 1878 1069 1936 tractatus
1102 1876 1145 1934 de

124 1965 386 2026 architectura.
432 1965 513 2024 huno
535 1965 647 2024 librum
670 1985 706 2024 ex
729 1985 762 2025 eo
783 1965 891 2045 codice,
915 1965 968 2042 qui
991 1965 1145 2026 continen-

123 2055 172 2114 tia
195 2054 289 2115 verba
310 2054 459 2132 habuerit,
483 2054 666 2130 exscriptum
689 2072 751 2114 esse
774 2055 872 2113 multa
895 2055 1010 2114 docent.
1056 2072 1143 2129 prae-

124 2146 212 2203 terea
239 2142 304 2218 ipse
332 2143 424 2201 habet
446 2161 466 2202 u
494 2145 524 2202 et
553 2145 692 2218 apertum
722 2145 753 2202 et
782 2144 930 2220 clausum,
960 2161 981 2201 a
1004 2143 1035 2200 in
1057 2143 1146 2200 textu

124 2231 303 2310 saepissime
326 2230 431 2310 forma,
456 2250 533 2308 quae
558 2231 682 2310 dicitur,
706 2232 843 2309 capitali,
867 2237 878 2290 1
899 2251 960 2291 non
982 2250 1050 2290 raro
1074 2230 1144 2288 sub-

122 2339 258 2382 versum.
305 2320 343 2378 ad
370 2338 520 2379 summam
546 2318 700 2398 librarius,
730 2321 784 2396 qui
809 2321 889 2379 hunc
916 2320 1048 2380 codicem
1075 2338 1145 2379 con·

126 2411 260 2487 scripsit,
284 2409 357 2469 satis
380 2409 541 2487 indiligens
565 2412 656 2486 atque
679 2410 818 2469 indoctus
840 2408 934 2468 fuisse
955 2409 1090 2485 videtur,
1113 2408 1145 2466 id

123 2499 211 2578 quod
234 2517 271 2558 ex
287 2498 393 2558 multis
415 2498 531 2556 mendis
555 2498 656 2574 eisque
679 2498 790 2573 ineptis
813 2497 909 2557 conici
931 2498 1009 2557 licet.
1046 2497 1143 2556 multo

123 2587 296 2666 posteriore
311 2589 413 2646 autem
431 2606 524 2649 manu
543 2587 675 2665 quadam
693 2587 811 2663 aliquot
829 2586 1051 2647 emendationes
1065 2586 1146 2644 inter

123 2679 225 2737 lineas
250 2676 417 2753 adscriptae
446 2678 517 2734 sunt
543 2677 676 2752 itemque
704 2676 736 2735 in
763 2678 849 2735 textu
871 2675 1009 2735 nonnihil
1032 2692 1144 2735 correo-

121 2770 202 2826 eum.
250 2785 305 2842 ego
328 2765 409 2825 hunc
432 2764 563 2824 codicem
586 2765 702 2824 contuli
724 2764 865 2824 Lauduni
892 2784 993 2825 mense
1017 2766 1144 2839 septem·

121 2856 172 2915 bri
196 2853 270 2914 anni
294 2856 389 2913 1874.

196 2941 340 3004 Omnium
363 2945 466 3002 autem
489 2942 684 3021 gravissimus
712 2944 758 3000 est
780 2943 871 3001 codex
894 2943 922 3000 P
941 2943 959 3000 i.
984 2961 1008 3000 e.
1031 2941 1145 3000 Parisi-

125 3053 186 3093 nus
213 3031 336 3092 6842ss
359 3031 616 3110 membranaceus,
644 3049 737 3090 manu
761 3031 904 3109 scriptuS,
928 3030 1000 3090 olim
1025 3029 1144 3090 Oolber·

124 3122 221 3200 tinus,
246 3121 360 3180 saeculi
381 3121 418 3198 X,
441 3121 583 3180 foliorum
603 3123 654 3199 89,
677 3137 820 3179 vemuum
839 3122 890 3198 26,
912 3120 1026 3180 formae
1048 3138 1144 3196 paene

127 3210 306 3289 quadratae,
330 3229 421 3286 quem
443 3208 568 3268 Parisiis
590 3227 690 3268 mense
714 3212 844 3287 augusto
869 3208 940 3267 anni
965 3211 1050 3269 1874
1075 3227 1143 3267 con-

123 3300 196 3360 tuli.
243 3299 357 3375 priores
385 3297 444 3357 duo
470 3298 680 3375 quaterniones
708 3296 862 3375 deficiunt,
892 3297 1107 3374 posteriores'
1099 3317 1144 3354 rn-

29 3451 36 3464 ,
124 3389 261 3467 cipiunt:
284 3390 484 3447 testaceam
507 3387 826 3463 subterinducisl,
852 3389 892 3446 39
914 3377 995 3467 (40),
1020 3389 1048 3446 5
1084 3386 1144 3442 huc

126 3478 256 3556 accedit,
280 3457 362 3554 quod
377 3476 600 3555 quinquaginta
614 3494 665 3535 sex
678 3475 752 3535 folia
765 3475 809 3533 ita
824 3478 895 3533 sunt
908 3494 1011 3534 umore
1025 3473 1144 3550 vitiata,

124 3569 297 3628 uteorum
320 3567 416 3626 altera
438 3584 508 3642 pars
531 3565 705 3643 minime,a
688 3565 783 3624 altera
806 3564 934 3639 carptim
956 3562 1014 3640 legi
1038 3561 1144 3637 possit.
