2538 3942
436 790 581 863 LIBER
607 788 817 864 DIIOIMVS

587 915 667 972 SIVE

347 1024 544 1093 MENSIS
574 1025 905 1094 SEPTEMBER.

545 1299 707 1355 TITVLI.

70 1445 87 1486 5
206 1412 222 1476 Ι
255 1411 304 1476 De
337 1411 425 1496 agris
457 1408 634 1495 pinguibus
671 1409 842 1474 tertiandis
878 1409 931 1474 uel
968 1409 1130 1496 inplendis
1195 1436 1196 1439 ¹

256 1500 408 1585 exilibus,
431 1498 469 1564 de
493 1499 710 1564 stercornndo.

189 1589 223 1654 H
254 1589 303 1655 De
332 1588 467 1690 serendo
496 1587 606 1654 tritico
635 1590 668 1652 ei
696 1587 814 1653 adoreo
838 1587 873 1653 in
895 1586 976 1652 locis
1000 1586 1129 1675 frigidis

167 1767 222 1832 III
252 1682 475 1832 {teopeappffio
509 1765 588 1830 salsi
615 1764 752 1846 umori-e,
784 1762 822 1828 dc
855 1764 1014 1830 seminum
1043 1788 1131 1832 men-

51 1891 86 1930 10
253 1854 338 1922 suris
374 1859 408 1919 et
440 1852 577 1919 diuersis
609 1851 758 1918 remediis
789 1853 830 1917 ad
863 1851 1022 1919 sationem
1055 1875 1130 1939 per-

253 1942 444 2009 cinensibus.

148 2033 224 2100 IIII
255 2032 304 2099 De
328 2032 462 2098 serendo
485 2031 606 2097 hordeo
632 2030 829 2097 cantherino.

191 2122 220 2185 V
253 2121 302 2187 Dc
325 2121 438 2206 lupino
463 2119 607 2186 serendo.

145 2209 220 2275 'VI
252 2210 302 2276 De
325 2209 397 2294 piso
414 2208 564 2274 serendo.

51 2333 87 2375 15
150 2298 222 2364 VII
254 2299 303 2364 Dc
331 2299 451 2364 sissmo
479 2298 614 2363 serendo
643 2300 676 2362 ei
704 2295 947 2382 proscindendis
971 2297 1064 2382 'agris
1088 2297 1129 2362 sd

253 2387 420 2453 medicem.

130 2475 222 2543 VIII
254 2475 304 2541 De
327 2476 413 2542 uicis
437 2479 470 2540 et
492 2475 567 2539 feno
592 2495 709 2561 graeco
734 2477 767 2539 ei
788 2472 953 2559 farragine
977 2476 1128 2541 serendis.

108 2565 221 2632 VIIII
252 2564 300 2629 De
323 2563 436 2650 lupino
461 2563 604 2648 serendo,
628 2562 684 2648 qui
705 2565 801 2629 nctus
821 2566 987 2629 eueristur
1005 2568 1039 2629 ct
1057 2565 1130 2630 loca

253 2654 404 2720 fecundet
427 2651 532 2717 exilia.

49 2780 90 2821 ,ο
193 2742 222 2808 Χ
253 2742 303 2808 De
326 2743 430 2828 protis
452 2739 590 2807 nouellis
614 2740 793 2807 formandis
817 2739 869 2806 uel
889 2741 1056 2806 ueteribus
1075 2763 1129 2806 ex-

254 2831 407 2899 colendis.

169 2920 218 2985 XI
251 2920 300 2986 De
324 2919 487 2985 uindemis
510 2919 710 2985 celebranda.

154 3008 222 3076 XII
253 3008 303 3074 Dc
321 3008 438 3093 panico
457 3013 490 3073 ei
509 3008 600 3072 milio
621 3006 780 3072 metendis
799 3011 832 3072 ei
850 3006 952 3072 faselo
967 3005 1007 3070 od
1022 3025 1128 3071 escam

253 3099 388 3164 serendo
412 3101 446 3162 ci
468 3096 661 3182 adparandis
685 3096 840 3180 aucupiis.

192 3279 206 3327 1
225 3271 377 3327 LIBER-
388 3270 605 3326 SEPTEMBER
621 3287 672 3328 orn.
691 3271 767 3327 codd.
790 3272 800 3340 ss
822 3275 840 3324 4
858 3269 979 3324 TITVLI
996 3269 1129 3325 MENSIS

110 3342 344 3402 SEPTEMBRIS
364 3343 466 3398 codices
484 3344 613 3415 etiope,
634 3339 875 3397 TITVLI—horis
894 3358 944 3397 om.
959 3359 973 3397 c
991 3345 1000 3413 ΙΙ
1023 3349 1039 3396 ὅ
1057 3343 1071 3396 Ι
1088 3341 1129 3395 De

111 3413 316 3488 agris-horis
334 3429 385 3470 orn.
400 3415 431 3468 E
456 3416 466 3484 ΙΙ
493 3421 509 3468 6
533 3417 563 3469 et
585 3414 621 3468 de
640 3412 820 3469 stercorando
837 3431 867 3483 p,
892 3413 945 3485 [et]
969 3413 1004 3468 de
1027 3416 1130 3467 sterco-

110 3487 207 3543 rando
226 3489 291 3556 ⁸II⁷
311 3485 416 3540 hordeo
433 3485 459 3540 G
472 3488 481 3556 [1
497 3492 529 3540 15
549 3488 578 3540 et
596 3502 646 3540 om.
660 3486 680 3554 τ’,
699 3485 762 3539 incl.
777 3501 791 3538 s
804 3485 813 3554 Η
828 3489 861 3538 17
880 3500 966 3554 grego
983 3483 1130 3551 (Inform-

110 3559 184 3631 gine
204 3558 300 3628 6118
319 3559 352 3611 ut
370 3573 424 3627 pro
443 3559 472 3611 ei
490 3558 525 3612 ia
537 3559 547 3628 n
561 3563 595 3611 23
613 3554 726 3625 panicio
743 3572 779 3626 ps
792 3558 802 3625 i}
816 3561 851 3610 24
870 3554 985 3624 aucupis
1004 3555 1060 3610 Vc
