2518 3938
449 220 568 277 namu
582 222 621 276 m
637 227 741 276 19-23
1019 224 1098 288 v231
1131 231 1138 244 ·

420 420 480 485 DE
504 419 598 485 VVA
620 419 768 486 Pnssn.

154 544 262 609 Vnam
279 566 409 629 passam
424 565 573 630 graecam
591 543 637 609 sio
651 544 761 610 facies.
784 545 928 611 melioris
944 546 1028 611 acini
1056 545 1153 612 XXII

84 638 119 698 et
149 632 252 698 dulcis
281 637 313 697 et
342 633 442 698 lucidi
469 634 646 718 botryones
674 634 710 698 in
737 634 810 719 ipsa
835 634 904 699 uite
930 636 1098 720 torquebis

84 727 118 787 et
145 721 279 805 patieris
304 725 419 806 sponte
443 743 651 805 marcescere,
674 721 788 787 deinde
808 723 955 789 sublatos
978 723 1013 788 in
1031 746 1099 789 um-

55 813 146 876 sbra
161 811 336 895 suspendes
351 814 385 875 et
402 832 500 875 uuam
514 809 703 876 destrictam
723 834 797 876 cum
814 834 915 895 pones
934 812 969 877 in
987 835 1099 878 uascu-

80 901 135 984 lis,
156 899 344 964 substernes
358 900 530 984 pampinos
545 900 630 965 sicco
647 901 757 986 algore
776 900 933 986 frigentes
953 905 986 966 et
1000 924 1099 967 manu

81 988 271 1072 conprimes
286 992 327 1072 et,
350 989 408 1053 ubi
426 1010 485 1053 uas
504 989 688 1073 inpleueris,
711 989 790 1054 item
809 989 980 1074 pampinos
1001 991 1098 1056 addes

79 1076 190 1142 nihilo
217 1077 325 1142 minus
351 1099 418 1142 non
447 1077 588 1142 calentes
618 1082 650 1142 et
679 1079 883 1162 operculabis
912 1101 950 1144 ac
973 1083 1099 1146 statues

80 1166 117 1230 in
142 1166 216 1231 loco
240 1165 360 1251 frigido
384 1167 478 1249 staec,
503 1187 599 1250 quem
621 1168 729 1232 nullus
753 1167 861 1232 furnus
885 1167 1028 1236 infestet.

38 1423 64 1462 ιο
479 1395 540 1461 Dn
563 1395 708 1462 HORIS.

153 1518 296 1622 October
319 1521 474 1586 martium
498 1521 661 1586 similibus
685 1521 809 1586 umbris
833 1521 897 1586 sibi
919 1521 999 1587 fecit
1038 1522 1150 1588 XXIII

76 1631 228 1695 aequari.

282 1733 374 1798 Hora
528 1732 544 1797 I
625 1734 723 1818 pedes
796 1733 904 1817 XXV,

282 1822 363 1887 hora
512 1821 545 1886 II
625 1823 722 1907 pedes
771 1861 778 1874 .,
827 1822 903 1905 XV,

37 1937 61 1976 15
281 1910 363 1976 hora
495 1910 545 1974 III
625 1912 723 1996 pedes
843 1909 905 1996 XI,

282 1999 363 2064 hora
477 1997 545 2065 IIII
625 2001 722 2084 pedes
809 1998 903 2084 VIII,

281 2088 364 2153 hora
514 2087 545 2152 V
625 2089 723 2172 pedes
842 2088 904 2172 VI,

281 2177 363 2241 hora
495 2176 544 2242 VI
625 2178 723 2260 pedes
858 2177 903 2258 V,

281 2265 363 2330 hora
479 2265 544 2332 VII
624 2266 722 2351 pedes
840 2264 904 2350 VI,

280 2353 363 2418 hora
463 2353 544 2419 VIII
624 2356 721 2438 pedes
807 2353 902 2438 VIII,

281 2443 363 2508 hora
443 2442 544 2509 VIIII
624 2443 721 2528 pedes
842 2442 903 2528 XI,

280 2532 363 2597 hora
513 2531 544 2595 X
624 2533 721 2616 pedes
825 2531 903 2616 XV,

281 2621 363 2685 hora
495 2620 544 2686 XI
623 2621 721 2705 pedes
798 2620 902 2686 XXV.

131 2803 152 2851 3
171 2812 205 2855 ac
219 2793 307 2848 lucidi
321 2795 377 2850 SE
391 2798 395 2866 1
411 2795 554 2850 botriones
569 2794 653 2849 VSE
658 2794 749 2918 ,tum
758 2796 785 2849 L
798 2797 807 2864 11
821 2794 977 2850 inarescere
987 2797 1040 2849 iac
1044 2795 1096 2868 931

67 2867 247 2924 inumbram
269 2866 345 2936 Vno
366 2866 512 2936 suspendis
531 2873 641 2932 omnes!
677 2865 816 2920 1strictam
835 2866 1013 2931 SETFGI,
1033 2881 1098 2919 con-

68 2940 215 2996 strictam
234 2954 311 3006 acps
333 2939 336 3008 1
360 2937 493 3007 conponis
513 2938 570 2991 PL
579 2937 713 3005 VGTF,
740 2937 882 3006 componis
901 2937 1010 3004 SEps,
1034 2953 1097 2989 cum

65 3011 165 3082 ponis
183 3011 261 3090 saep
275 3013 313 3079 116
333 3009 488 3064 substernis
508 3025 597 3064 onmes
610 3011 619 3079 11
639 3013 653 3061 7
674 3007 824 3078 conprimis
842 3005 1024 3078 (comprimis)
1043 3024 1097 3062 om-

65 3102 120 3138 nes
152 3083 157 3152 1
185 3080 269 3134 addis
288 3083 399 3149 omrwst
428 3086 459 3134 11
481 3078 603 3135 octobris
622 3080 653 3133 E
680 3081 684 3149 1
718 3078 794 3132 horis
812 3079 843 3132 E
863 3080 873 3147 11
897 3083 930 3130 14
948 3077 1036 3132 habet
1054 3080 1097 3133 iu-

63 3156 145 3212 scrit
167 3153 198 3206 E
210 3153 220 3221 11
237 3157 268 3204 15
287 3151 373 3220 pedes
431 3151 456 3204 Π
476 3151 573 3221 01117
591 3151 677 3220 pedes
697 3149 722 3202 V
742 3149 790 3217 6-ss
806 3155 837 3202 18
856 3149 941 3218 pedes
961 3148 999 3202 VI
1018 3149 1045 3205 G

485 3368 699 3377 ——au———-—
