2556 3942
500 228 618 284 AGRIC.
633 229 647 282 Ι
660 235 729 284 3-5
1102 233 1123 296 5

110 379 281 460 derantur,
304 373 332 439 si
355 374 439 439 uitia
461 376 552 439 nulla
574 376 701 440 uesicae
724 380 810 441 sunt.
847 377 927 441 haec
950 382 1047 461 atque
1070 377 1122 441 his

107 463 232 529 similia
251 465 280 528 si
299 464 383 547 apud
402 464 525 529 incolas
544 486 604 548 pro
624 465 740 529 maiori
759 469 853 548 parte
874 469 1023 531 constare
1037 466 1123 530 uide-

105 553 168 632 ris,
191 574 252 618 nec
276 553 314 616 dc
339 575 412 617 aere
436 552 559 637 aliquid
583 575 642 619 nec
665 554 703 618 de
727 553 874 618 fontibus
898 555 1080 640 suspiceris.

308 782 367 848 DE
394 780 646 860 QVALITATE
670 783 927 850 TERRARVM.

78 937 91 975 a
176 909 217 974 ln
249 908 346 974 terris
373 931 453 974 uero
482 909 665 994 quaerenda
692 907 889 994 fecunditas,
920 931 962 974 ne
990 909 1064 973 alba
1092 909 1175 974 etV

105 999 196 1064 nuda
220 997 264 1062 sit
287 998 393 1083 gleba,
415 1019 456 1061 ne
479 1019 587 1061 macer
611 997 726 1062 sabulo
751 998 819 1062 sine
844 997 1041 1063 admixtione
1060 1001 1122 1062 ter-

105 1088 188 1170 reni,
211 1110 252 1152 ne
276 1090 365 1152 creta
389 1087 467 1170 sola,
490 1107 531 1150 ne
554 1086 694 1151 harenae
718 1087 927 1171 squallentes,
950 1109 990 1152 ne
1013 1087 1123 1151 ieiuna

106 1177 241 1263 glarea,
261 1198 302 1240 ne
329 1175 440 1240 aurosi
467 1175 614 1258 pulueris
638 1175 786 1259 lapidosa
810 1176 944 1261 macies,
970 1198 1011 1240 ne
1036 1176 1122 1240 salsa

105 1267 161 1330 nel
185 1287 306 1348 amara,
329 1286 369 1328 ne
392 1263 556 1350 uliginosa
578 1267 675 1347 terra,
697 1287 739 1329 ne
762 1263 851 1328 tofus
873 1265 1053 1330 harenosus
1075 1268 1122 1328 at·

66 1376 172 1439 loque
191 1355 328 1434 ieiunus,
351 1375 392 1417 ne
410 1354 508 1417 uallis
527 1353 624 1416 nimis
645 1375 746 1437 opaca
765 1358 799 1419 et
817 1353 929 1439 solida,
951 1354 1006 1418 sed
1025 1354 1122 1439 gleba

106 1443 216 1528 putris
244 1446 278 1507 et
304 1442 372 1506 fere
397 1441 492 1528 nigra
515 1445 548 1506 et
571 1442 611 1505 ad
635 1442 808 1526 tegendam
831 1465 865 1507 se
889 1443 1047 1528 graminis
1072 1443 1122 1506 sui

106 1536 196 1598 crate
226 1531 392 1596 sufficiens
421 1535 478 1595 aut
501 1531 596 1594 mixti
621 1531 753 1615 coloris,
781 1553 862 1616 quae
886 1531 948 1596 etsi
971 1553 1045 1595 rara
1069 1531 1123 1608 sit,

106 1625 219 1686 tamen
241 1618 373 1706 pinguis
398 1619 460 1684 soli
483 1619 689 1684 adiunctione
714 1620 904 1704 glutinetur.
945 1642 1026 1703 quac
1050 1643 1122 1704 pro·
1146 1619 1167 1681 2

105 1711 232 1791 tulerit,
250 1730 310 1774 nec
329 1708 445 1773 scabra
464 1708 531 1772 sint
549 1730 608 1773 nec
627 1708 787 1773 retorrida
805 1731 863 1774 nec
881 1709 948 1775 ruci
963 1708 1122 1773 naturalis

67 1825 91 1864 15
107 1799 250 1885 egentia.
296 1797 394 1881 ferat,
425 1797 511 1883 quod
539 1796 712 1862 frumentis
742 1798 855 1862 dandis
883 1798 964 1862 utile
993 1798 1123 1883 signum

7 1953 8 1958 ,
106 1889 162 1971 sit,
187 1887 329 1971 ebulum,
352 1886 494 1972 iuncum,
517 1885 686 1970 calamum,
710 1907 854 1971 gramen,
876 1886 1037 1951 trifolium
1057 1908 1123 1950 non

106 1999 267 2062 macrum,
286 1976 387 2040 rubos
406 1975 553 2060 pingues,
571 1997 675 2059 pruna
694 1975 867 2040 siluestria.
906 1976 995 2040 color
1013 1979 1122 2039 tamen

105 2089 175 2132 non
199 2085 320 2150 magno
345 2086 441 2149 opere
465 2065 665 2147 quaerendus
685 2069 744 2148 est,
768 2065 825 2128 scd
841 2064 1005 2150 pinguedo
1025 2068 1122 2146 atque

107 2153 254 2220 dulcedo.
282 2155 437 2238 pinguem
453 2155 499 2218 sic
514 2174 679 2238 agnosces.
706 2153 836 2238 glebam
851 2152 1021 2236 paruulam
1037 2152 1122 2216 dulci
1147 2151 1166 2214 3

65 2265 194 2328 eoaque
223 2263 421 2327 consperges
449 2245 483 2305 et
510 2240 655 2327 subiges:
688 2243 716 2306 si
744 2241 911 2327 glutinosa
938 2244 988 2305 est
1012 2244 1045 2305 et
1068 2241 1122 2305 ad·

105 2334 234 2416 haeret,
263 2334 394 2396 constat
418 2330 468 2394 illi
492 2331 597 2394 inesse
620 2331 858 2416 pinguedinem.
904 2331 984 2394 item
1009 2330 1123 2395 scrobe

104 2421 227 2487 effossa
256 2425 290 2484 ct
318 2420 457 2503 repleta,
488 2419 517 2482 si
540 2419 743 2503 superauerit
773 2423 871 2502 terra,
902 2417 1035 2504 pinguis
1064 2422 1122 2500 est,

105 2512 135 2576 si
165 2509 319 2592 defuerit,
348 2507 454 2588 exilis,
485 2508 514 2572 si
543 2507 733 2573 conuenerit
759 2511 911 2592 aequata,
942 2507 1122 2572 mediocris.

104 2599 244 2664 dulcedo
269 2602 378 2662 antem
403 2597 621 2682 cognoscitur,
644 2597 673 2661 si
696 2619 734 2660 ex
758 2619 796 2661 ea
818 2601 911 2680 parte
935 2597 1016 2682 agri,
1040 2618 1122 2680 quae

181 2815 194 2861 1
215 2809 396 2862 uexentura'o
412 2809 415 2876 1
432 2809 461 2862 et
470 2810 535 2877 (pro
546 2808 640 2875 atque)
652 2807 702 2876 Fp
719 2807 722 2878 1
739 2805 783 2859 hia
794 2804 1103 2873 omittuutVSTGEp

103 2888 121 2935 2
140 2879 249 2935 maiore
264 2879 334 2934 S¹E
346 2883 355 2949 11
369 2884 384 2932 5
400 2879 562 2947 quaerenda
575 2881 618 2933 est
627 2879 658 2932 E
673 2880 677 2949 1
694 2880 744 2930 aut
757 2879 834 2931 nuda
844 2879 875 2932 Ε
886 2881 896 2948 11
910 2884 925 2931 6
939 2879 1051 2931 terrena
1060 2875 1103 2928 Ε*

104 2959 120 3006 1
140 2968 179 3006 ne
198 2953 276 3005 creta
295 2949 356 3003 sola
375 2967 424 3004 om.
440 2950 477 3018 E,
495 2967 548 3004 nec
567 2952 644 3004 creta
663 2949 723 3003 sola
741 2950 820 3004 habet
834 2950 881 3018 F(
898 2965 950 3002 nec
969 2963 1053 3001 arene
1070 2947 1100 2999 E
1116 2947 1118 3018 1

102 3042 160 3078 nec
180 3022 277 3076 ieiuna
292 3022 322 3074 Ε
334 3023 343 3091 11
358 3025 373 3074 8
389 3024 438 3074 aut
452 3020 546 3075 aurosi
560 3022 596 3089 E,
611 3036 646 3073 ne
663 3020 772 3074 arenosi
789 3020 828 3075 (1¹³
842 3037 928 3090 supro
944 3022 947 3089 1
965 3018 1040 3073 acies
1060 3035 1121 3072 cura

103 3112 208 3151 rasura
233 3094 281 3161 6¹,
304 3092 409 3146 macies
434 3092 473 3146 6³
495 3109 581 3161 supra
604 3094 612 3161 11
636 3097 652 3144 9
676 3095 772 3145 amant
791 3092 842 3161 F(
866 3090 912 3144 uel
935 3089 1004 3160 nlig.
1029 3091 1060 3158 Τ,
1084 3105 1120 3142 ne

102 3165 231 3238 ligniosa
248 3165 280 3218 F
299 3166 309 3233 11
333 3169 367 3217 10
386 3163 518 3231 squalida
542 3166 607 3233 (pro
626 3162 726 3230 solida)
748 3161 957 3232 G³sopra1se
976 3167 1040 3233 (pro
1060 3161 1119 3229 sed)

105 3240 132 3294 G
155 3243 224 3306 l·12
242 3235 362 3289 raritate
382 3239 445 3305 (pro
464 3236 551 3304 crate)
570 3234 600 3288 E
621 3236 630 3304 11
652 3240 686 3287 14
704 3251 756 3288 nec
779 3241 842 3289 aute
864 3235 915 3287 ret.
936 3249 985 3288 om.
1002 3251 1024 3302 p
1049 3234 1053 3302 1
1078 3247 1120 3285 re-

102 3313 182 3366 torta
200 3309 234 3377 111
250 3312 282 3360 15
302 3305 376 3360 ferat
394 3323 443 3360 om.
460 3322 494 3376 p,
519 3304 633 3376 egentia
651 3305 732 3359 ferat.
766 3305 846 3370 Quod
872 3306 950 3359 habet
969 3307 1057 3374 α1116
1078 3304 1121 3356 est

104 3381 268 3449 GEiacps
288 3379 297 3448 11
322 3383 354 3431 17
373 3394 486 3445 nanque
504 3378 569 3447 (pro
587 3379 693 3446 tamen)
712 3395 730 3430 o
747 3378 756 3446 11
776 3382 809 3430 18
828 3392 998 3446 magnopere
1018 3374 1094 3428 Gna·
1111 3373 1114 3444 1

103 3459 137 3508 19
149 3467 241 3521 agnos
253 3449 296 3519 (2¹,
311 3448 351 3501 cis
366 3450 445 3504 addit
458 3465 544 3518 supra
555 3447 599 3518 ρ’,
616 3447 745 3517 agnoscis
755 3448 940 3516 SGEiucps
956 3447 959 3516 1
975 3462 1075 3515 parum
1080 3461 1102 3512 p

104 3533 139 3580 20
164 3519 331 3591 conspargis
361 3520 396 3589 Q,
426 3519 586 3590 conspargis
614 3519 767 3587 seara,
797 3537 859 3572 cum
888 3517 996 3587 spargis
1025 3517 1093 3585 icps

103 3594 222 3664 subigas
241 3593 273 3658 V,
292 3591 401 3661 subigis
419 3593 498 3646 ceteri
