<?xml version="1.0" encoding="UTF-8"?>
<!DOCTYPE html PUBLIC "-//W3C//DTD XHTML 1.0 Transitional//EN"
    "http://www.w3.org/TR/xhtml1/DTD/xhtml1-transitional.dtd">
<html xmlns="http://www.w3.org/1999/xhtml" xml:lang="en" lang="en">
 <head>
  <title>
</title>
<meta http-equiv="Content-Type" content="text/html;charset=utf-8" />
  <meta name='ocr-system' content='tesseract 3.04.00' />
  <meta name='ocr-capabilities' content='ocr_page ocr_carea ocr_par ocr_line ocrx_word'/>
</head>
<body>
  <div class='ocr_page' id='page_1' title='image "./palladiirutilii01pallgoog_0113.png"; bbox 0 0 2524 3946; ppageno 0'>
   <div class='ocr_carea' id='block_1_1' title="bbox 182 203 773 267">
    <p class='ocr_par' dir='ltr' id='par_1_1' title="bbox 182 203 773 267">
     <span class='ocr_line' id='line_1_1' title="bbox 182 203 773 267; baseline -0.002 -9"><span class='ocrx_word' id='word_1_1' title='bbox 182 203 226 267; x_wconf 80' lang='grc'>92</span> <span class='ocrx_word' id='word_1_2' title='bbox 604 204 773 258; x_wconf 79' lang='lat' dir='ltr'><strong>PALLADE</strong></span> 
     </span>
    </p>
   </div>
   <div class='ocr_carea' id='block_1_2' title="bbox 182 345 1190 612">
    <p class='ocr_par' dir='ltr' id='par_1_2' title="bbox 182 345 1190 612">
     <span class='ocr_line' id='line_1_2' title="bbox 182 345 1189 434; baseline 0.001 -21"><span class='ocrx_word' id='word_1_3' title='bbox 182 353 220 413; x_wconf 87' lang='lat' dir='ltr'>ut</span> <span class='ocrx_word' id='word_1_4' title='bbox 245 345 426 413; x_wconf 81' lang='lat' dir='ltr'>Columella</span> <span class='ocrx_word' id='word_1_5' title='bbox 453 348 544 433; x_wconf 88' lang='lat' dir='ltr'>dicit,</span> <span class='ocrx_word' id='word_1_6' title='bbox 574 349 748 415; x_wconf 88' lang='lat' dir='ltr'>feraciores</span> <span class='ocrx_word' id='word_1_7' title='bbox 776 352 866 432; x_wconf 87' lang='lat' dir='ltr'>sunt,</span> <span class='ocrx_word' id='word_1_8' title='bbox 896 371 978 434; x_wconf 87' lang='lat' dir='ltr'>quae</span> <span class='ocrx_word' id='word_1_9' title='bbox 1007 349 1189 434; x_wconf 86' lang='lat' dir='ltr'>seminibus,</span> 
     </span>
     <span class='ocr_line' id='line_1_3' title="bbox 182 437 1190 523; baseline 0.002 -22"><span class='ocrx_word' id='word_1_10' title='bbox 182 437 244 502; x_wconf 91' lang='lat' dir='ltr'>hoc</span> <span class='ocrx_word' id='word_1_11' title='bbox 264 442 323 522; x_wconf 87' lang='lat' dir='ltr'>cst,</span> <span class='ocrx_word' id='word_1_12' title='bbox 341 437 478 502; x_wconf 91' lang='lat' dir='ltr'>nucibus</span> <span class='ocrx_word' id='word_1_13' title='bbox 499 439 575 522; x_wconf 90' lang='lat' dir='ltr'>suis,</span> <span class='ocrx_word' id='word_1_14' title='bbox 595 460 693 523; x_wconf 85' lang='lat' dir='ltr'>quarn</span> <span class='ocrx_word' id='word_1_15' title='bbox 713 460 794 522; x_wconf 90' lang='lat' dir='ltr'>quae</span> <span class='ocrx_word' id='word_1_16' title='bbox 813 437 935 521; x_wconf 85' lang='lat' dir='ltr'>plantis</span> <span class='ocrx_word' id='word_1_17' title='bbox 953 443 1120 523; x_wconf 88' lang='lat' dir='ltr'>ponuntur</span> <span class='ocrx_word' id='word_1_18' title='bbox 1139 443 1190 503; x_wconf 88' lang='lat' dir='ltr'>aut</span> 
     </span>
     <span class='ocr_line' id='line_1_4' title="bbox 182 527 1189 612; baseline 0.001 -23"><span class='ocrx_word' id='word_1_19' title='bbox 182 527 293 591; x_wconf 86' lang='lat' dir='ltr'>ramis.</span> <span class='ocrx_word' id='word_1_20' title='bbox 331 527 388 591; x_wconf 91' lang='lat' dir='ltr'>ubi</span> <span class='ocrx_word' id='word_1_21' title='bbox 410 527 502 612; x_wconf 79' lang='lat' dir='ltr'>regio</span> <span class='ocrx_word' id='word_1_22' title='bbox 527 527 642 591; x_wconf 86' lang='lat' dir='ltr'><strong>siccior</strong></span> <span class='ocrx_word' id='word_1_23' title='bbox 661 531 721 612; x_wconf 88' lang='lat' dir='ltr'>est,</span> <span class='ocrx_word' id='word_1_24' title='bbox 744 527 975 611; x_wconf 70' lang='lat' dir='ltr'>aquationibus</span> <span class='ocrx_word' id='word_1_25' title='bbox 994 528 1189 592; x_wconf 86' lang='lat' dir='ltr'>adiuuentur.</span> 
     </span>
    </p>
   </div>
   <div class='ocr_carea' id='block_1_3' title="bbox 229 737 1220 913">
    <p class='ocr_par' dir='ltr' id='par_1_3' title="bbox 229 737 1220 913">
     <span class='ocr_line' id='line_1_5' title="bbox 229 737 1156 823; baseline 0.004 -21"><span class='ocrx_word' id='word_1_26' title='bbox 229 738 289 803; x_wconf 83' lang='lat' dir='ltr'>DE</span> <span class='ocrx_word' id='word_1_27' title='bbox 318 738 577 823; x_wconf 82' lang='lat' dir='ltr'>FODIENDIS,</span> <span class='ocrx_word' id='word_1_28' title='bbox 604 737 830 805; x_wconf 85' lang='lat' dir='ltr'><strong>PALANDIS</strong></span> <span class='ocrx_word' id='word_1_29' title='bbox 859 739 916 805; x_wconf 85' lang='grc' dir='ltr'>ΕΤ</span> <span class='ocrx_word' id='word_1_30' title='bbox 944 738 1156 806; x_wconf 82' lang='lat' dir='ltr'><strong>LchNDIS</strong></span> 
     </span>
     <span class='ocr_line' id='line_1_6' title="bbox 264 845 1220 913; baseline 0 -2"><span class='ocrx_word' id='word_1_31' title='bbox 264 845 443 913; x_wconf 84' lang='lat' dir='ltr'><strong>VITIBVS</strong></span> <span class='ocrx_word' id='word_1_32' title='bbox 466 845 555 912; x_wconf 77' lang='lat' dir='ltr'>VEL</span> <span class='ocrx_word' id='word_1_33' title='bbox 578 845 833 912; x_wconf 79' lang='lat' dir='ltr'><strong>LAETANDIS</strong></span> <span class='ocrx_word' id='word_1_34' title='bbox 857 845 1120 913; x_wconf 84' lang='lat' dir='ltr'><strong>ARBORIBVS.</strong></span> <span class='ocrx_word' id='word_1_35' title='bbox 1211 871 1220 911; x_wconf 74' lang='grc' dir='ltr'>ι</span> 
     </span>
    </p>
   </div>
   <div class='ocr_carea' id='block_1_4' title="bbox 129 968 1221 2013">
    <p class='ocr_par' dir='ltr' id='par_1_4' title="bbox 129 968 1193 1323">
     <span class='ocr_line' id='line_1_7' title="bbox 129 968 1192 1038; baseline 0 -3"><span class='ocrx_word' id='word_1_36' title='bbox 129 968 191 1036; x_wconf 90' lang='lat' dir='ltr'>XX</span> <span class='ocrx_word' id='word_1_37' title='bbox 259 969 356 1036; x_wconf 88' lang='lat' dir='ltr'>Nunc</span> <span class='ocrx_word' id='word_1_38' title='bbox 387 971 469 1036; x_wconf 89' lang='lat' dir='ltr'>locis</span> <span class='ocrx_word' id='word_1_39' title='bbox 501 971 677 1036; x_wconf 77' lang='lat' dir='ltr'>maritimis</span> <span class='ocrx_word' id='word_1_40' title='bbox 710 976 743 1036; x_wconf 89' lang='lat' dir='ltr'>et</span> <span class='ocrx_word' id='word_1_41' title='bbox 775 971 889 1035; x_wconf 89' lang='lat' dir='ltr'>calidis</span> <span class='ocrx_word' id='word_1_42' title='bbox 920 970 1090 1036; x_wconf 79' lang='lat' dir='ltr'>fodiendae</span> <span class='ocrx_word' id='word_1_43' title='bbox 1123 975 1192 1038; x_wconf 84' lang='lat' dir='ltr'>sunt</span> 
     </span>
     <span class='ocr_line' id='line_1_8' title="bbox 183 1059 1192 1145; baseline 0.002 -21"><span class='ocrx_word' id='word_1_44' title='bbox 183 1060 268 1124; x_wconf 88' lang='lat' dir='ltr'>uites</span> <span class='ocrx_word' id='word_1_45' title='bbox 287 1060 350 1144; x_wconf 86' lang='lat' dir='ltr'>uel,</span> <span class='ocrx_word' id='word_1_46' title='bbox 369 1061 398 1125; x_wconf 89' lang='lat' dir='ltr'>si</span> <span class='ocrx_word' id='word_1_47' title='bbox 416 1059 495 1125; x_wconf 87' lang='lat' dir='ltr'>haec</span> <span class='ocrx_word' id='word_1_48' title='bbox 514 1059 702 1144; x_wconf 89' lang='lat' dir='ltr'>prouinciae</span> <span class='ocrx_word' id='word_1_49' title='bbox 723 1060 922 1125; x_wconf 68' lang='lat' dir='ltr'>consuetudo</span> <span class='ocrx_word' id='word_1_50' title='bbox 940 1064 999 1145; x_wconf 83' lang='lat' dir='ltr'>est,</span> <span class='ocrx_word' id='word_1_51' title='bbox 1018 1062 1192 1126; x_wconf 84' lang='lat' dir='ltr'>exarandac</span> 
     </span>
     <span class='ocr_line' id='line_1_9' title="bbox 184 1149 1192 1234; baseline 0 -20"><span class='ocrx_word' id='word_1_52' title='bbox 184 1149 275 1214; x_wconf 89' lang='lat' dir='ltr'>etin</span> <span class='ocrx_word' id='word_1_53' title='bbox 298 1149 420 1214; x_wconf 89' lang='lat' dir='ltr'>eisdem</span> <span class='ocrx_word' id='word_1_54' title='bbox 443 1149 523 1214; x_wconf 93' lang='lat' dir='ltr'>locis</span> <span class='ocrx_word' id='word_1_55' title='bbox 546 1149 704 1234; x_wconf 87' lang='lat' dir='ltr'>palandao</span> <span class='ocrx_word' id='word_1_56' title='bbox 728 1155 785 1214; x_wconf 83' lang='lat' dir='ltr'>aut</span> <span class='ocrx_word' id='word_1_57' title='bbox 808 1149 957 1234; x_wconf 86' lang='lat' dir='ltr'>ligandae</span> <span class='ocrx_word' id='word_1_58' title='bbox 979 1153 1056 1214; x_wconf 89' lang='lat' dir='ltr'>sunt</span> <span class='ocrx_word' id='word_1_59' title='bbox 1074 1150 1192 1232; x_wconf 86' lang='lat' dir='ltr'>uineae,</span> 
     </span>
     <span class='ocr_line' id='line_1_10' title="bbox 183 1237 1193 1323; baseline 0 -22"><span class='ocrx_word' id='word_1_60' title='bbox 183 1237 375 1321; x_wconf 86' lang='lat' dir='ltr'>priusquam</span> <span class='ocrx_word' id='word_1_61' title='bbox 407 1259 537 1323; x_wconf 86' lang='lat' dir='ltr'>gemma</span> <span class='ocrx_word' id='word_1_62' title='bbox 569 1239 735 1323; x_wconf 89' lang='lat' dir='ltr'>procedat,</span> <span class='ocrx_word' id='word_1_63' title='bbox 772 1238 863 1302; x_wconf 89' lang='lat' dir='ltr'>cuius</span> <span class='ocrx_word' id='word_1_64' title='bbox 901 1239 1114 1303; x_wconf 79' lang='lat' dir='ltr'>concussione</span> <span class='ocrx_word' id='word_1_65' title='bbox 1146 1238 1193 1303; x_wconf 89' lang='lat' dir='ltr'>uel</span> 
     </span>
    </p>

    <p class='ocr_par' dir='ltr' id='par_1_5' title="bbox 139 1326 1221 2013">
     <span class='ocr_line' id='line_1_11' title="bbox 139 1326 1220 1412; baseline -0.002 -22"><span class='ocrx_word' id='word_1_66' title='bbox 139 1326 160 1390; x_wconf 80' lang='lat'><em>2</em></span> <span class='ocrx_word' id='word_1_67' title='bbox 185 1326 309 1391; x_wconf 91' lang='lat' dir='ltr'>adtritu</span> <span class='ocrx_word' id='word_1_68' title='bbox 332 1327 509 1391; x_wconf 80' lang='lat' dir='ltr'>incurritur</span> <span class='ocrx_word' id='word_1_69' title='bbox 532 1328 653 1412; x_wconf 85' lang='lat' dir='ltr'>grande</span> <span class='ocrx_word' id='word_1_70' title='bbox 678 1327 889 1411; x_wconf 91' lang='lat' dir='ltr'>dispendium.</span> <span class='ocrx_word' id='word_1_71' title='bbox 925 1349 1012 1392; x_wconf 89' lang='lat' dir='ltr'>nunc</span> <span class='ocrx_word' id='word_1_72' title='bbox 1036 1327 1129 1392; x_wconf 84' lang='lat' dir='ltr'>oleae</span> <span class='ocrx_word' id='word_1_73' title='bbox 1150 1350 1220 1393; x_wconf 82' lang='lat' dir='ltr'>cen</span> 
     </span>
     <span class='ocr_line' id='line_1_12' title="bbox 184 1415 1192 1499; baseline 0.002 -20"><span class='ocrx_word' id='word_1_74' title='bbox 184 1418 338 1498; x_wconf 87' lang='lat' dir='ltr'>teracque</span> <span class='ocrx_word' id='word_1_75' title='bbox 362 1415 495 1481; x_wconf 87' lang='lat' dir='ltr'>arbores</span> <span class='ocrx_word' id='word_1_76' title='bbox 519 1417 680 1480; x_wconf 83' lang='lat' dir='ltr'>laetamen</span> <span class='ocrx_word' id='word_1_77' title='bbox 704 1416 867 1499; x_wconf 89' lang='lat' dir='ltr'>accipiunt</span> <span class='ocrx_word' id='word_1_78' title='bbox 886 1416 1093 1480; x_wconf 84' lang='lat' dir='ltr'>decrescente</span> <span class='ocrx_word' id='word_1_79' title='bbox 1113 1417 1192 1481; x_wconf 86' lang='lat' dir='ltr'>lmra</span> 
     </span>
     <span class='ocr_line' id='line_1_13' title="bbox 184 1503 1194 1587; baseline 0.002 -19"><span class='ocrx_word' id='word_1_80' title='bbox 184 1503 327 1568; x_wconf 83' lang='lat' dir='ltr'>sufficiet</span> <span class='ocrx_word' id='word_1_81' title='bbox 345 1508 455 1569; x_wconf 87' lang='lat' dir='ltr'>autem</span> <span class='ocrx_word' id='word_1_82' title='bbox 473 1505 590 1568; x_wconf 93' lang='lat' dir='ltr'>maiori</span> <span class='ocrx_word' id='word_1_83' title='bbox 609 1505 718 1569; x_wconf 90' lang='lat' dir='ltr'>arbori</span> <span class='ocrx_word' id='word_1_84' title='bbox 737 1504 837 1569; x_wconf 86' lang='lat' dir='ltr'>uehes</span> <span class='ocrx_word' id='word_1_85' title='bbox 856 1526 931 1587; x_wconf 87' lang='lat' dir='ltr'>una,</span> <span class='ocrx_word' id='word_1_86' title='bbox 953 1504 1073 1569; x_wconf 89' lang='lat' dir='ltr'>minori</span> <span class='ocrx_word' id='word_1_87' title='bbox 1092 1504 1194 1570; x_wconf 85' lang='lat' dir='ltr'>media</span> 
     </span>
     <span class='ocr_line' id='line_1_14' title="bbox 184 1592 1193 1677; baseline 0.002 -21"><span class='ocrx_word' id='word_1_88' title='bbox 184 1592 247 1677; x_wconf 91' lang='lat' dir='ltr'>ita,</span> <span class='ocrx_word' id='word_1_89' title='bbox 273 1597 312 1657; x_wconf 90' lang='lat' dir='ltr'>ut</span> <span class='ocrx_word' id='word_1_90' title='bbox 340 1593 498 1658; x_wconf 89' lang='lat' dir='ltr'>subducta</span> <span class='ocrx_word' id='word_1_91' title='bbox 526 1615 545 1657; x_wconf 91' lang='lat' dir='ltr'>a</span> <span class='ocrx_word' id='word_1_92' title='bbox 573 1592 736 1658; x_wconf 88' lang='lat' dir='ltr'>radicibus</span> <span class='ocrx_word' id='word_1_93' title='bbox 764 1597 852 1657; x_wconf 88' lang='lat' dir='ltr'>terra</span> <span class='ocrx_word' id='word_1_94' title='bbox 878 1597 911 1657; x_wconf 91' lang='lat' dir='ltr'>et</span> <span class='ocrx_word' id='word_1_95' title='bbox 933 1594 1011 1658; x_wconf 88' lang='lat' dir='ltr'>fimo</span> <span class='ocrx_word' id='word_1_96' title='bbox 1034 1595 1193 1677; x_wconf 83' lang='lat' dir='ltr'>permixta</span> 
     </span>
     <span class='ocr_line' id='line_1_15' title="bbox 184 1682 1193 1767; baseline 0.001 -21"><span class='ocrx_word' id='word_1_97' title='bbox 184 1685 366 1746; x_wconf 88' lang='lat' dir='ltr'>reuocetur.</span> <span class='ocrx_word' id='word_1_98' title='bbox 412 1686 558 1766; x_wconf 88' lang='lat' dir='ltr'>tempore</span> <span class='ocrx_word' id='word_1_99' title='bbox 587 1683 663 1766; x_wconf 87' lang='lat' dir='ltr'>hoc,</span> <span class='ocrx_word' id='word_1_100' title='bbox 691 1682 720 1746; x_wconf 93' lang='lat' dir='ltr'>si</span> <span class='ocrx_word' id='word_1_101' title='bbox 748 1704 829 1767; x_wconf 87' lang='lat' dir='ltr'>quae</span> <span class='ocrx_word' id='word_1_102' title='bbox 858 1685 935 1746; x_wconf 91' lang='lat' dir='ltr'>sunt</span> <span class='ocrx_word' id='word_1_103' title='bbox 956 1682 991 1745; x_wconf 93' lang='lat' dir='ltr'>in</span> <span class='ocrx_word' id='word_1_104' title='bbox 1015 1683 1193 1748; x_wconf 87' lang='lat' dir='ltr'>seminariis</span> 
     </span>
     <span class='ocr_line' id='line_1_16' title="bbox 184 1770 1221 1859; baseline 0 -26"><span class='ocrx_word' id='word_1_105' title='bbox 184 1770 331 1854; x_wconf 84' lang='lat' dir='ltr'>plantae,</span> <span class='ocrx_word' id='word_1_106' title='bbox 359 1771 650 1836; x_wconf 87' lang='lat' dir='ltr'>circumfodiendae</span> <span class='ocrx_word' id='word_1_107' title='bbox 674 1775 751 1835; x_wconf 88' lang='lat' dir='ltr'>sunt</span> <span class='ocrx_word' id='word_1_108' title='bbox 775 1775 808 1835; x_wconf 88' lang='lat' dir='ltr'>et</span> <span class='ocrx_word' id='word_1_109' title='bbox 831 1771 1021 1854; x_wconf 84' lang='lat' dir='ltr'>amputandi</span> <span class='ocrx_word' id='word_1_110' title='bbox 1044 1772 1092 1836; x_wconf 90' lang='lat' dir='ltr'>eis</span> <span class='ocrx_word' id='word_1_111' title='bbox 1117 1771 1221 1859; x_wconf 77' lang='lat' dir='ltr'>ramis</span> 
     </span>
     <span class='ocr_line' id='line_1_17' title="bbox 185 1858 1193 1946; baseline 0.001 -23"><span class='ocrx_word' id='word_1_112' title='bbox 185 1858 341 1943; x_wconf 88' lang='lat' dir='ltr'>superflui</span> <span class='ocrx_word' id='word_1_113' title='bbox 363 1860 416 1924; x_wconf 90' lang='lat' dir='ltr'>uel</span> <span class='ocrx_word' id='word_1_114' title='bbox 439 1859 617 1939; x_wconf 85' lang='lat' dir='ltr'>radiculae,</span> <span class='ocrx_word' id='word_1_115' title='bbox 646 1882 726 1943; x_wconf 87' lang='lat' dir='ltr'>quas</span> <span class='ocrx_word' id='word_1_116' title='bbox 753 1861 839 1924; x_wconf 89' lang='lat' dir='ltr'>circa</span> <span class='ocrx_word' id='word_1_117' title='bbox 861 1860 896 1922; x_wconf 92' lang='lat' dir='ltr'>in</span> <span class='ocrx_word' id='word_1_118' title='bbox 920 1860 1082 1943; x_wconf 87' lang='lat' dir='ltr'>superiori</span> <span class='ocrx_word' id='word_1_119' title='bbox 1107 1865 1193 1946; x_wconf 84' lang='lat' dir='ltr'>parte</span> 
     </span>
     <span class='ocr_line' id='line_1_18' title="bbox 184 1948 352 2013; baseline -0.006 0"><span class='ocrx_word' id='word_1_120' title='bbox 184 1948 352 2013; x_wconf 89' lang='lat' dir='ltr'>miserunt.</span> 
     </span>
    </p>
   </div>
   <div class='ocr_carea' id='block_1_5' title="bbox 318 2155 1063 2334">
    <p class='ocr_par' dir='ltr' id='par_1_6' title="bbox 318 2155 1063 2334">
     <span class='ocr_line' id='line_1_19' title="bbox 318 2155 1063 2245; baseline 0.001 -20"><span class='ocrx_word' id='word_1_121' title='bbox 318 2159 377 2225; x_wconf 82' lang='lat' dir='ltr'>DE</span> <span class='ocrx_word' id='word_1_122' title='bbox 402 2155 543 2245; x_wconf 84' lang='lat' dir='ltr'><strong><em>ROSIS,</em></strong></span> <span class='ocrx_word' id='word_1_123' title='bbox 566 2158 712 2244; x_wconf 80' lang='lat' dir='ltr'>LILIIS,</span> <span class='ocrx_word' id='word_1_124' title='bbox 736 2158 894 2243; x_wconf 83' lang='lat' dir='ltr'><strong><em>OROOO,</em></strong></span> <span class='ocrx_word' id='word_1_125' title='bbox 917 2159 1063 2226; x_wconf 84' lang='lat' dir='ltr'>VIOLIS</span> 
     </span>
     <span class='ocr_line' id='line_1_20' title="bbox 532 2264 854 2334; baseline 0.006 -2"><span class='ocrx_word' id='word_1_126' title='bbox 532 2264 854 2334; x_wconf 80' lang='lat' dir='ltr'><strong>CONSERENDIS.</strong></span> 
     </span>
    </p>
   </div>
   <div class='ocr_carea' id='block_1_6' title="bbox 132 2389 1223 2922">
    <p class='ocr_par' dir='ltr' id='par_1_7' title="bbox 132 2389 1222 2833">
     <span class='ocr_line' id='line_1_21' title="bbox 132 2389 1222 2477; baseline -0.001 -22"><span class='ocrx_word' id='word_1_127' title='bbox 132 2389 212 2457; x_wconf 88' lang='lat' dir='ltr'>XXI</span> <span class='ocrx_word' id='word_1_128' title='bbox 280 2391 353 2458; x_wconf 92' lang='lat' dir='ltr'>Hoc</span> <span class='ocrx_word' id='word_1_129' title='bbox 376 2415 486 2458; x_wconf 89' lang='lat' dir='ltr'>mense</span> <span class='ocrx_word' id='word_1_130' title='bbox 510 2392 636 2458; x_wconf 90' lang='lat' dir='ltr'>rosaria</span> <span class='ocrx_word' id='word_1_131' title='bbox 659 2413 880 2477; x_wconf 90' lang='lat' dir='ltr'>conseremus,</span> <span class='ocrx_word' id='word_1_132' title='bbox 906 2414 988 2476; x_wconf 87' lang='lat' dir='ltr'>quae</span> <span class='ocrx_word' id='word_1_133' title='bbox 1012 2394 1104 2459; x_wconf 86' lang='lat' dir='ltr'>sulco</span> <span class='ocrx_word' id='word_1_134' title='bbox 1128 2394 1193 2458; x_wconf 82' lang='lat' dir='ltr'>bre</span> <span class='ocrx_word' id='word_1_135' title='bbox 1204 2416 1222 2455; x_wconf 82' lang='lat' dir='ltr'>n</span> 
     </span>
     <span class='ocr_line' id='line_1_22' title="bbox 159 2480 1194 2567; baseline -0.001 -22"><span class='ocrx_word' id='word_1_136' title='bbox 159 2515 160 2520; x_wconf 20' lang='grc' dir='ltr'>ι</span> <span class='ocrx_word' id='word_1_137' title='bbox 184 2480 321 2547; x_wconf 86' lang='lat' dir='ltr'>nissimo</span> <span class='ocrx_word' id='word_1_138' title='bbox 346 2485 403 2545; x_wconf 90' lang='lat' dir='ltr'>aut</span> <span class='ocrx_word' id='word_1_139' title='bbox 426 2481 596 2547; x_wconf 87' lang='lat' dir='ltr'>scrobibus</span> <span class='ocrx_word' id='word_1_140' title='bbox 619 2482 769 2565; x_wconf 85' lang='lat' dir='ltr'>ponenda</span> <span class='ocrx_word' id='word_1_141' title='bbox 792 2485 869 2545; x_wconf 82' lang='lat' dir='ltr'>sunt</span> <span class='ocrx_word' id='word_1_142' title='bbox 892 2482 945 2545; x_wconf 88' lang='lat' dir='ltr'>uel</span> <span class='ocrx_word' id='word_1_143' title='bbox 968 2481 1124 2567; x_wconf 86' lang='lat' dir='ltr'>uirgultis</span> <span class='ocrx_word' id='word_1_144' title='bbox 1146 2481 1194 2546; x_wconf 91' lang='lat' dir='ltr'>uel</span> 
     </span>
     <span class='ocr_line' id='line_1_23' title="bbox 185 2570 1194 2656; baseline 0.001 -22"><span class='ocrx_word' id='word_1_145' title='bbox 185 2571 286 2634; x_wconf 88' lang='lat' dir='ltr'>etiam</span> <span class='ocrx_word' id='word_1_146' title='bbox 315 2570 445 2634; x_wconf 85' lang='lat' dir='ltr'>semine.</span> <span class='ocrx_word' id='word_1_147' title='bbox 492 2570 617 2635; x_wconf 89' lang='lat' dir='ltr'>semina</span> <span class='ocrx_word' id='word_1_148' title='bbox 645 2573 755 2634; x_wconf 84' lang='lat' dir='ltr'>autem</span> <span class='ocrx_word' id='word_1_149' title='bbox 783 2592 933 2656; x_wconf 85' lang='lat' dir='ltr'>rosarum</span> <span class='ocrx_word' id='word_1_150' title='bbox 956 2592 1023 2635; x_wconf 93' lang='lat' dir='ltr'>non</span> <span class='ocrx_word' id='word_1_151' title='bbox 1044 2575 1194 2655; x_wconf 88' lang='lat' dir='ltr'>putemus</span> 
     </span>
     <span class='ocr_line' id='line_1_24' title="bbox 185 2657 1194 2743; baseline -0.002 -19"><span class='ocrx_word' id='word_1_152' title='bbox 185 2659 309 2725; x_wconf 88' lang='lat' dir='ltr'>medios</span> <span class='ocrx_word' id='word_1_153' title='bbox 332 2659 486 2724; x_wconf 89' lang='lat' dir='ltr'>flosculos</span> <span class='ocrx_word' id='word_1_154' title='bbox 511 2680 580 2724; x_wconf 90' lang='lat' dir='ltr'>esse</span> <span class='ocrx_word' id='word_1_155' title='bbox 605 2659 693 2723; x_wconf 89' lang='lat' dir='ltr'>aurei</span> <span class='ocrx_word' id='word_1_156' title='bbox 716 2657 843 2735; x_wconf 89' lang='lat' dir='ltr'>coloris,</span> <span class='ocrx_word' id='word_1_157' title='bbox 867 2679 948 2743; x_wconf 91' lang='lat' dir='ltr'>quos</span> <span class='ocrx_word' id='word_1_158' title='bbox 968 2681 1061 2724; x_wconf 88' lang='lat' dir='ltr'>rosae</span> <span class='ocrx_word' id='word_1_159' title='bbox 1080 2659 1194 2743; x_wconf 85' lang='lat' dir='ltr'>ferunt,</span> 
     </span>
     <span class='ocr_line' id='line_1_25' title="bbox 166 2747 1194 2833; baseline -0.002 -19"><span class='ocrx_word' id='word_1_160' title='bbox 166 2749 242 2814; x_wconf 51' lang='lat' dir='ltr'>¹sed</span> <span class='ocrx_word' id='word_1_161' title='bbox 270 2751 368 2814; x_wconf 87' lang='lat' dir='ltr'>bacas</span> <span class='ocrx_word' id='word_1_162' title='bbox 394 2748 559 2833; x_wconf 88' lang='lat' dir='ltr'>nutriunt,</span> <span class='ocrx_word' id='word_1_163' title='bbox 587 2769 668 2831; x_wconf 87' lang='lat' dir='ltr'>quas</span> <span class='ocrx_word' id='word_1_164' title='bbox 693 2747 729 2811; x_wconf 90' lang='lat' dir='ltr'>in</span> <span class='ocrx_word' id='word_1_165' title='bbox 751 2747 938 2812; x_wconf 88' lang='lat' dir='ltr'>breuissimi</span> <span class='ocrx_word' id='word_1_166' title='bbox 961 2748 1024 2831; x_wconf 90' lang='lat' dir='ltr'>piri</span> <span class='ocrx_word' id='word_1_167' title='bbox 1048 2749 1194 2813; x_wconf 89' lang='lat' dir='ltr'>similitu-</span> 
     </span>
    </p>

    <p class='ocr_par' dir='ltr' id='par_1_8' title="bbox 185 2835 1223 2922">
     <span class='ocr_line' id='line_1_26' title="bbox 185 2835 1223 2922; baseline -0.008 -18"><span class='ocrx_word' id='word_1_168' title='bbox 185 2839 294 2904; x_wconf 89' lang='lat' dir='ltr'>dinem</span> <span class='ocrx_word' id='word_1_169' title='bbox 317 2837 429 2922; x_wconf 86' lang='lat' dir='ltr'>plenas</span> <span class='ocrx_word' id='word_1_170' title='bbox 454 2837 632 2902; x_wconf 89' lang='lat' dir='ltr'>seminibus</span> <span class='ocrx_word' id='word_1_171' title='bbox 656 2835 723 2901; x_wconf 90' lang='lat' dir='ltr'>suis</span> <span class='ocrx_word' id='word_1_172' title='bbox 746 2843 823 2921; x_wconf 84' lang='lat' dir='ltr'>post</span> <span class='ocrx_word' id='word_1_173' title='bbox 845 2836 1042 2900; x_wconf 89' lang='lat' dir='ltr'>uindemiam</span> <span class='ocrx_word' id='word_1_174' title='bbox 1060 2838 1223 2902; x_wconf 66' lang='lat' dir='ltr'>redduntur</span> 
     </span>
    </p>
   </div>
   <div class='ocr_carea' id='block_1_7' title="bbox 185 2975 1195 3631">
    <p class='ocr_par' dir='ltr' id='par_1_9' title="bbox 185 2975 1195 3631">
     <span class='ocr_line' id='line_1_27' title="bbox 258 2975 1194 3064; baseline -0.001 -16"><span class='ocrx_word' id='word_1_175' title='bbox 258 3001 272 3048; x_wconf 91' lang='lat'>1</span> <span class='ocrx_word' id='word_1_176' title='bbox 291 2993 438 3050; x_wconf 82' lang='lat' dir='ltr'>feratiores</span> <span class='ocrx_word' id='word_1_177' title='bbox 460 2994 486 3049; x_wconf 81' lang='lat' dir='ltr'><strong><em>G</em></strong></span> <span class='ocrx_word' id='word_1_178' title='bbox 502 2975 546 3064; x_wconf 50' lang='lat'>11⁴2</span> <span class='ocrx_word' id='word_1_179' title='bbox 564 2994 618 3047; x_wconf 91' lang='lat' dir='ltr'>hoc</span> <span class='ocrx_word' id='word_1_180' title='bbox 637 2997 680 3048; x_wconf 85' lang='lat' dir='ltr'>cst</span> <span class='ocrx_word' id='word_1_181' title='bbox 697 2992 816 3047; x_wconf 86' lang='lat' dir='ltr'>nucibus</span> <span class='ocrx_word' id='word_1_182' title='bbox 836 3009 920 3061; x_wconf 79' lang='lat' dir='ltr'>cnap</span> <span class='ocrx_word' id='word_1_183' title='bbox 936 2993 940 3058; x_wconf 74' lang='lat' dir='ltr'>l</span> <span class='ocrx_word' id='word_1_184' title='bbox 957 2995 1050 3047; x_wconf 85' lang='lat' dir='ltr'>aut—</span> <span class='ocrx_word' id='word_1_185' title='bbox 1062 2993 1194 3047; x_wconf 90' lang='lat' dir='ltr'>adiuuen-</span> 
     </span>
     <span class='ocr_line' id='line_1_28' title="bbox 185 3063 1195 3136; baseline -0.002 -18"><span class='ocrx_word' id='word_1_186' title='bbox 185 3068 232 3118; x_wconf 91' lang='lat' dir='ltr'>tur</span> <span class='ocrx_word' id='word_1_187' title='bbox 250 3083 299 3120; x_wconf 83' lang='lat' dir='ltr'>cm.</span> <span class='ocrx_word' id='word_1_188' title='bbox 311 3085 334 3135; x_wconf 80' lang='lat' dir='ltr'>p</span> <span class='ocrx_word' id='word_1_189' title='bbox 346 3069 355 3136; x_wconf 90' lang='lat' dir='ltr'>l</span> <span class='ocrx_word' id='word_1_190' title='bbox 373 3071 390 3118; x_wconf 83' lang='lat'>4</span> <span class='ocrx_word' id='word_1_191' title='bbox 409 3065 589 3118; x_wconf 82' lang='lat' dir='ltr'><strong>PALANDIS</strong></span> <span class='ocrx_word' id='word_1_192' title='bbox 609 3081 658 3118; x_wconf 83' lang='lat' dir='ltr'>om.</span> <span class='ocrx_word' id='word_1_193' title='bbox 676 3065 702 3118; x_wconf 79' lang='lat' dir='ltr'><strong><em>G</em></strong></span> <span class='ocrx_word' id='word_1_194' title='bbox 719 3066 729 3135; x_wconf 84' lang='grc' dir='ltr'>ΙΙ</span> <span class='ocrx_word' id='word_1_195' title='bbox 747 3069 763 3118; x_wconf 81' lang='grc' dir='ltr'>ὅ</span> <span class='ocrx_word' id='word_1_196' title='bbox 782 3063 873 3118; x_wconf 89' lang='lat' dir='ltr'>uineis</span> <span class='ocrx_word' id='word_1_197' title='bbox 892 3082 906 3118; x_wconf 87' lang='lat' dir='ltr'>c</span> <span class='ocrx_word' id='word_1_198' title='bbox 922 3068 926 3134; x_wconf 91' lang='grc' dir='ltr'>Ι</span> <span class='ocrx_word' id='word_1_199' title='bbox 941 3063 1195 3118; x_wconf 78' lang='lat' dir='ltr'>LAETAMINAN-</span> 
     </span>
     <span class='ocr_line' id='line_1_29' title="bbox 186 3134 1195 3206; baseline -0.002 -16"><span class='ocrx_word' id='word_1_200' title='bbox 186 3135 244 3190; x_wconf 81' lang='lat' dir='ltr'>DIS</span> <span class='ocrx_word' id='word_1_201' title='bbox 263 3137 296 3205; x_wconf 81' lang='lat' dir='ltr'>S,</span> <span class='ocrx_word' id='word_1_202' title='bbox 314 3135 515 3190; x_wconf 85' lang='lat' dir='ltr'>letaminandis</span> <span class='ocrx_word' id='word_1_203' title='bbox 534 3137 565 3190; x_wconf 81' lang='lat' dir='ltr'><strong><em>E</em></strong></span> <span class='ocrx_word' id='word_1_204' title='bbox 585 3137 594 3206; x_wconf 75' lang='lat' dir='ltr'>ll</span> <span class='ocrx_word' id='word_1_205' title='bbox 618 3141 632 3188; x_wconf 85' lang='grc'><strong>7</strong></span> <span class='ocrx_word' id='word_1_206' title='bbox 654 3135 699 3189; x_wconf 92' lang='lat' dir='ltr'>cui</span> <span class='ocrx_word' id='word_1_207' title='bbox 714 3152 767 3204; x_wconf 84' lang='lat' dir='ltr'>pro</span> <span class='ocrx_word' id='word_1_208' title='bbox 786 3134 810 3188; x_wconf 88' lang='lat' dir='ltr'>si</span> <span class='ocrx_word' id='word_1_209' title='bbox 828 3135 885 3190; x_wconf 78' lang='lat' dir='ltr'>SE</span> <span class='ocrx_word' id='word_1_210' title='bbox 910 3136 919 3205; x_wconf 77' lang='lat' dir='ltr'>ll</span> <span class='ocrx_word' id='word_1_211' title='bbox 946 3141 962 3188; x_wconf 88' lang='lat'>8</span> <span class='ocrx_word' id='word_1_212' title='bbox 982 3136 1195 3206; x_wconf 82' lang='lat' dir='ltr'>et-ligandae</span> 
     </span>
     <span class='ocr_line' id='line_1_30' title="bbox 186 3205 1195 3277; baseline -0.004 -14"><span class='ocrx_word' id='word_1_213' title='bbox 186 3224 236 3263; x_wconf 86' lang='lat' dir='ltr'>om.</span> <span class='ocrx_word' id='word_1_214' title='bbox 254 3208 280 3262; x_wconf 75' lang='lat' dir='ltr'><em>G</em></span> <span class='ocrx_word' id='word_1_215' title='bbox 293 3211 332 3276; x_wconf 71' lang='grc'>119</span> <span class='ocrx_word' id='word_1_216' title='bbox 351 3207 532 3262; x_wconf 90' lang='lat' dir='ltr'>concursione</span> <span class='ocrx_word' id='word_1_217' title='bbox 549 3207 588 3276; x_wconf 70' lang='grc' dir='ltr'>ρι’</span> <span class='ocrx_word' id='word_1_218' title='bbox 601 3208 611 3275; x_wconf 74' lang='lat' dir='ltr'>ll</span> <span class='ocrx_word' id='word_1_219' title='bbox 626 3212 659 3260; x_wconf 91' lang='lat'>10</span> <span class='ocrx_word' id='word_1_220' title='bbox 679 3206 778 3260; x_wconf 85' lang='lat' dir='ltr'>attrita</span> <span class='ocrx_word' id='word_1_221' title='bbox 793 3207 824 3259; x_wconf 86' lang='lat' dir='ltr'><em>F</em></span> <span class='ocrx_word' id='word_1_222' title='bbox 837 3209 840 3275; x_wconf 73' lang='lat' dir='ltr'>l</span> <span class='ocrx_word' id='word_1_223' title='bbox 857 3205 1017 3276; x_wconf 88' lang='lat' dir='ltr'>dispedium</span> <span class='ocrx_word' id='word_1_224' title='bbox 1030 3209 1057 3262; x_wconf 87' lang='lat' dir='ltr'><strong><em>L</em></strong></span> <span class='ocrx_word' id='word_1_225' title='bbox 1071 3210 1080 3277; x_wconf 83' lang='grc' dir='ltr'>ΙΙ</span> <span class='ocrx_word' id='word_1_226' title='bbox 1095 3213 1127 3260; x_wconf 77' lang='lat'>12</span> <span class='ocrx_word' id='word_1_227' title='bbox 1145 3205 1195 3259; x_wconf 92' lang='lat' dir='ltr'>mi·</span> 
     </span>
     <span class='ocr_line' id='line_1_31' title="bbox 186 3277 1192 3349; baseline -0.002 -17"><span class='ocrx_word' id='word_1_228' title='bbox 186 3277 248 3332; x_wconf 90' lang='lat' dir='ltr'>nori</span> <span class='ocrx_word' id='word_1_229' title='bbox 267 3278 325 3331; x_wconf 87' lang='lat' dir='ltr'>arb.</span> <span class='ocrx_word' id='word_1_230' title='bbox 346 3279 376 3346; x_wconf 91' lang='lat' dir='ltr'>V,</span> <span class='ocrx_word' id='word_1_231' title='bbox 397 3279 455 3332; x_wconf 88' lang='lat' dir='ltr'>arb.</span> <span class='ocrx_word' id='word_1_232' title='bbox 474 3277 574 3332; x_wconf 90' lang='lat' dir='ltr'>maiori</span> <span class='ocrx_word' id='word_1_233' title='bbox 593 3278 624 3330; x_wconf 83' lang='lat' dir='ltr'><em>F</em></span> <span class='ocrx_word' id='word_1_234' title='bbox 644 3278 647 3349; x_wconf 72' lang='lat' dir='ltr'>l</span> <span class='ocrx_word' id='word_1_235' title='bbox 669 3293 754 3347; x_wconf 85' lang='lat' dir='ltr'>neges</span> <span class='ocrx_word' id='word_1_236' title='bbox 773 3277 1045 3347; x_wconf 73' lang='lat' dir='ltr'><strong><em>PLQSETFGc&#39;,</em></strong></span> <span class='ocrx_word' id='word_1_237' title='bbox 1065 3277 1143 3348; x_wconf 81' lang='lat' dir='ltr'>uagis</span> <span class='ocrx_word' id='word_1_238' title='bbox 1162 3277 1192 3344; x_wconf 88' lang='lat' dir='ltr'>V,</span> 
     </span>
     <span class='ocr_line' id='line_1_32' title="bbox 185 3347 1195 3490; baseline -0.002 -16"><span class='ocrx_word' id='word_1_239' title='bbox 185 3349 449 3490; x_wconf 56' lang='lat' dir='ltr'>llgtlddtdlil</span> <span class='ocrx_word' id='word_1_240' title='bbox 461 3364 534 3473; x_wconf 57' lang='lat' dir='ltr'>ll?</span> <span class='ocrx_word' id='word_1_241' title='bbox 549 3349 661 3472; x_wconf 61' lang='lat' dir='ltr'>llll</span> <span class='ocrx_word' id='word_1_242' title='bbox 673 3347 1195 3490; x_wconf 53' lang='lat' dir='ltr'>bplrllllolrlllpdllffi{llll</span> 
     </span>
     <span class='ocr_line' id='line_1_33' title="bbox 186 3439 1194 3574; baseline -0.001 -31"><span class='ocrx_word' id='word_1_243' title='bbox 186 3491 275 3574; x_wconf 79' lang='lat' dir='ltr'>fertur</span> <span class='ocrx_word' id='word_1_244' title='bbox 297 3491 327 3558; x_wconf 86' lang='lat' dir='ltr'>T,</span> <span class='ocrx_word' id='word_1_245' title='bbox 347 3505 420 3557; x_wconf 87' lang='lat' dir='ltr'>quae</span> <span class='ocrx_word' id='word_1_246' title='bbox 438 3507 518 3544; x_wconf 89' lang='lat' dir='ltr'>rosae</span> <span class='ocrx_word' id='word_1_247' title='bbox 529 3439 650 3544; x_wconf 73' lang='lat' dir='ltr'>Iluerunt</span> <span class='ocrx_word' id='word_1_248' title='bbox 667 3508 702 3561; x_wconf 74' lang='lat' dir='ltr'>qs</span> <span class='ocrx_word' id='word_1_249' title='bbox 724 3493 734 3560; x_wconf 81' lang='grc' dir='ltr'>ΙΙ</span> <span class='ocrx_word' id='word_1_250' title='bbox 757 3496 791 3543; x_wconf 79' lang='grc'>24</span> <span class='ocrx_word' id='word_1_251' title='bbox 809 3489 983 3545; x_wconf 87' lang='lat' dir='ltr'>breuissimis</span> <span class='ocrx_word' id='word_1_252' title='bbox 1005 3492 1028 3562; x_wconf 73' lang='lat' dir='ltr'><em>Q</em></span> <span class='ocrx_word' id='word_1_253' title='bbox 1047 3439 1066 3562; x_wconf 69' lang='lat' dir='ltr'>ll</span> <span class='ocrx_word' id='word_1_254' title='bbox 1087 3497 1119 3545; x_wconf 78' lang='lat'>25</span> <span class='ocrx_word' id='word_1_255' title='bbox 1137 3488 1194 3544; x_wconf 86' lang='lat' dir='ltr'>suis</span> 
     </span>
     <span class='ocr_line' id='line_1_34' title="bbox 188 3577 323 3631; baseline -0.015 -15"><span class='ocrx_word' id='word_1_256' title='bbox 188 3579 237 3616; x_wconf 86' lang='lat' dir='ltr'>om.</span> <span class='ocrx_word' id='word_1_257' title='bbox 252 3577 323 3631; x_wconf 66' lang='lat' dir='ltr'>acus</span> 
     </span>
    </p>
   </div>
   <div class='ocr_carea' id='block_1_8' title="bbox 0 0 1272 3940">
    <p class='ocr_par' dir='ltr' id='par_1_10' title="bbox 0 0 1272 3940">
     <span class='ocr_line' id='line_1_35' title="bbox 0 0 1272 3940; baseline 0 0"><span class='ocrx_word' id='word_1_258' title='bbox 0 0 1272 3940; x_wconf 95' lang='lat' dir='ltr'> </span> 
     </span>
    </p>
   </div>
  </div>
 </body>
</html>
