2538 3942
451 195 570 252 Auula.
583 195 622 251 Xl
637 202 741 252 11-12
1041 198 1108 264 219

93 342 234 406 ocimum
253 362 381 426 quoque
400 342 605 418 etiamnunc
624 365 778 427 seramus,
797 344 883 429 quod
902 345 999 410 citius
1015 346 1108 412 nasci

90 429 197 584 iepltlur
224 431 287 496 hoc
314 433 474 516 tempore,
502 432 530 496 si
556 432 642 498 aceti
663 431 768 496 imbre
792 433 910 498 leuiter
933 439 1109 520 spargatur

90 543 125 585 m
164 541 247 585 sum.

486 659 547 727 Du
570 659 715 728 POMIS.

62 813 75 854 5
158 782 219 851 Oui
251 785 359 870 placet
386 806 480 851 curas
509 806 605 871 agere
634 785 830 871 seculorum,
862 786 902 852 dc
932 787 1051 871 palmis
1092 787 1159 853 XII

88 874 216 961 cogitet
235 874 450 940 conserendis
483 874 546 940 hoc
564 875 669 961 igitur
687 897 798 940 mense
817 876 1021 960 dactylorum
1040 898 1106 942 non

88 968 239 1029 ueterum
261 963 319 1028 sed
340 984 503 1029 nouorum
526 986 564 1029 ac
586 962 759 1049 pinguium
782 965 926 1030 recentia
952 986 1027 1031 ossa
1050 965 1106 1030 de-

87 1052 183 1118 bebit
216 1052 367 1136 obruere,
399 1057 506 1117 terrae
540 1053 681 1118 cineram
709 1054 854 1119 miscere.
900 1053 928 1118 ai
956 1055 1105 1139 plantam

87 1139 184 1225 uelit,
212 1143 363 1225 ponenda
389 1145 440 1206 est
468 1140 565 1226 aprili
592 1163 703 1207 mense
730 1143 783 1206 uel
806 1142 902 1208 maio.
949 1143 1030 1209 locis
1055 1144 1106 1209 de·
1184 1220 1188 1230 Ι

47 1260 73 1298 10
88 1231 231 1296 lectatur
259 1231 379 1314 apricis
407 1233 442 1295 ot
469 1230 592 1296 calidis.
638 1229 779 1297 fouenda
806 1235 871 1314 est,
901 1236 940 1296 ut
970 1237 1105 1317 crescat,

88 1340 211 1384 umore.
258 1323 381 1384 terram
410 1319 553 1384 solutam
586 1317 640 1384 uel
667 1318 859 1385 sabulonem
882 1320 1034 1405 requirit,
1057 1321 1105 1386 ita

87 1412 214 1491 tamen,
241 1412 293 1491 ut,
321 1408 449 1492 quando
477 1409 592 1492 planta
620 1408 820 1493 disponitur,
848 1409 1027 1475 circaeam
1051 1411 1104 1475 uel

86 1499 149 1562 sub
174 1518 213 1562 ea
235 1496 368 1582 pinguis
392 1500 480 1561 terra
502 1497 667 1562 fundatur.
713 1497 864 1563 annicula
886 1498 1105 1565 transferatur

86 1590 147 1652 aut
174 1585 265 1650 bima
291 1585 383 1651 iunio
410 1607 521 1650 mense
548 1585 602 1651 uel
629 1584 710 1650 iulio
738 1586 923 1672 incipiente.
970 1589 1104 1653 circum·
1127 1589 1148 1653 2

47 1703 71 1743 15
84 1673 234 1740 fodiatur
256 1674 390 1739 adsidue
411 1679 444 1739 ot
461 1674 624 1760 rigatione
644 1674 816 1741 continuos
837 1677 972 1742 aestatis
991 1678 1104 1742 uincat

85 1764 229 1828 ardores.
281 1764 374 1847 aquis
411 1763 538 1847 palmae
570 1764 776 1848 aliquatenus
810 1764 905 1830 salsis
938 1766 1103 1850 iuuantur,

85 1873 170 1938 quac
198 1851 287 1916 infici
314 1851 434 1917 debent
458 1853 595 1938 salibus,
624 1853 723 1917 etiam
748 1854 776 1917 si
800 1854 883 1918 tales
907 1875 961 1919 eas
984 1858 1103 1919 natura

83 1964 153 2006 non
180 1941 341 2026 praebuit
387 1942 416 2006 si
439 1963 538 2026 aegra
560 1947 610 2006 est
633 1943 743 2027 arbor,
770 1941 856 2008 feces
884 1943 954 2007 uini
979 1944 1102 2009 ueteris

84 2030 300 2114 ablaqueatae
328 2034 460 2113 oportet
487 2030 614 2095 infundi
641 2030 695 2113 uel
722 2031 868 2096 radicum
901 2053 1102 2115 superuacua

42 2149 70 2187 ao
84 2119 319 2204 capillamenta
336 2119 442 2183 decidi
460 2119 513 2184 uel
532 2141 670 2184 cuneum
689 2119 798 2185 salicia
817 2120 1001 2185 interfossis
1018 2120 1102 2184 radi·

84 2209 180 2274 cibus
200 2208 311 2291 premi.
342 2211 473 2273 constat
491 2213 602 2273 autom
620 2209 729 2274 locum
747 2230 849 2292 prope
868 2207 967 2273 nullis
986 2208 1102 2273 utilem

84 2297 264 2380 fructibus,
290 2297 326 2361 in
351 2318 416 2381 quo
439 2297 567 2382 palmae
591 2302 708 2381 sponte
730 2302 918 2362 nascuntur.
963 2297 1103 2382 pistacia
1126 2299 1147 2363 3

85 2389 242 2452 seruntur
264 2388 420 2450 autumno
444 2408 554 2451 mensa
579 2387 707 2451 octobri
726 2387 760 2451 at
778 2386 892 2451 subole
911 2389 945 2450 et
962 2387 1100 2452 nucibus

85 2475 170 2540 suis:
202 2475 260 2539 sed
287 2475 404 2540 melius
431 2474 506 2559 ipsa
527 2475 666 2559 pistacia
689 2475 801 2540 iuncta
823 2479 1002 2559 ponuntur,
1029 2497 1100 2540 mas

39 2593 68 2633 as
85 2586 124 2630 ac
147 2562 277 2628 femina.
324 2585 447 2628 marem
471 2564 596 2648 dicunt,
624 2562 676 2628 cui
703 2564 763 2628 sub
788 2563 876 2629 corio
900 2565 992 2630 uelut
1015 2565 1101 2630 ossei

84 2653 178 2738 longi
201 2653 354 2717 uidentur
376 2653 478 2717 latera
501 2653 655 2717 testiculi.
701 2652 756 2736 qui
780 2651 970 2738 diligentius
993 2653 1100 2720 facere

84 2740 242 2825 uoluerit,
269 2745 418 2826 pertusos
447 2740 601 2807 caliculos
628 2746 661 2806 et
685 2745 865 2807 stercorata
887 2746 975 2808 terra
1000 2743 1101 2826 reple·

86 2993 102 3042 0
128 2916 297 3041 cittii?
320 2915 1025 3056 {tantannstitutus
1045 2915 1103 3067 a*

86 3063 103 3113 8
121 3057 249 3129 palmam
265 3058 425 3128 ponendam
445 3057 605 3112 curabimus
623 3060 690 3128 Apr.
704 3075 728 3128 p
752 3060 756 3130 Ι
780 3057 881 3128 planta
898 3057 930 3111 E
935 3125 940 3137 Ι
954 3058 964 3126 {l
992 3064 1007 3111 9
1026 3074 1102 3112 maro

85 3145 184 3184 menso
201 3129 250 3200 ΕΙ
267 3129 446 3184 delectantur
461 3130 510 3199 Gl
525 3134 558 3183 12
578 3129 729 3200 deponitur
746 3147 823 3210 ceps
836 3132 846 3198 ΙΙ
861 3135 895 3182 14
912 3127 981 3182 brna
995 3129 1026 3183 E
1040 3129 1044 3201 Ι
1060 3127 1103 3183 in·

87 3200 211 3272 cipiantc
229 3199 276 3255 uel
294 3199 365 3256 iulio
383 3201 440 3256 PL
451 3201 614 3256 VSTEFi
635 3203 645 3271 ll
669 3206 702 3256 15
721 3203 754 3254 ut
771 3198 912 3270 ngationa
931 3200 983 3270 c'cp
1008 3202 1012 3272 Ι
1038 3217 1102 3254 con-

85 3272 167 3326 tinuo
195 3271 237 3340 E,
266 3271 401 3327 continua
427 3289 464 3344 cp
493 3272 497 3344 Ι
527 3271 625 3327 uincet
652 3287 702 3327 om.
726 3271 757 3326 E
782 3273 792 3341 {l
820 3277 852 3325 16
881 3269 1015 3352 iuuentur
1036 3272 1073 3352 'E
1092 3271 1102 3344 ll

87 3341 1100 3425 17etsiilsicrupurunonom.E1faeceGumrmprimrs1

85 3414 183 3469 nullus
200 3415 228 3470 L
250 3417 259 3484 ΙΙ
283 3420 317 3469 22
335 3414 479 3469 Pistaoeta
499 3416 524 3469 Τ
541 3417 553 3496 ΙΙ
576 3421 610 3470 23
630 3417 659 3468 ct
677 3429 772 3494 mense
790 3431 825 3468 cu
847 3416 852 3486 Ι
876 3416 904 3468 ct
922 3421 986 3468 aute
1004 3411 1103 3494 subole

85 3486 326 3614 lmt'aia’nml‘8
351 3489 360 3556 ΙΙ
388 3491 423 3540 24
445 3486 474 3541 in
493 3485 562 3556 ips1s
582 3487 613 3541 E
640 3487 645 3556 l
673 3486 814 3554 pistaceta
837 3488 863 3541 Τ
886 3488 895 3555 ΙΙ
923 3490 956 3537 26
975 3483 1103 3538 testiculi

98 3574 115 3612 a
145 3574 177 3612 re
