2556 3942
534 205 740 260 PRAEFATIO
1082 205 1148 260 XIII

199 356 248 416 Ad
271 359 437 416 extremum
460 357 495 415 de
520 357 735 434 orthographia
758 356 831 416 haee
859 357 949 435 addo,
979 377 1026 416 me
1054 357 1146 434 sarip-

129 449 234 505 tnram
257 446 393 506 eodioum
415 446 689 506 vetustissimorum
708 445 726 505 i.
742 465 765 504 e.
781 445 872 519 LPQ
889 445 1061 505 nniversam
1079 466 1145 522 per·

129 535 219 611 sequi
250 535 302 594 sed
334 553 431 611 neque
462 535 570 594 horum
602 554 699 610 neque
731 536 898 594 ceterorum
930 535 1147 610 discrepantias

128 623 305 683 huiusmodi
343 623 481 683 omnibus
519 623 592 683 loeis
634 623 812 701 singulatim
851 624 992 699 proferre.
1047 643 1145 699 neque

127 713 235 790 habeo,
259 713 339 789 quod
361 713 430 772 illos
459 715 524 771 tam
553 713 665 771 multos
688 715 719 770 et
741 713 805 770 tam
826 712 1002 771 manifestos
1031 731 1147 772 errores

128 801 356 880 grammaticos,
387 801 441 876 qui
471 820 489 859 a
516 800 653 861 Palladio
685 800 805 860 homine
837 801 910 860 satis
943 800 1060 860 erudito
1093 801 1144 859 ab·

127 891 266 968 horrent,
292 892 329 949 ut
358 889 602 967 transiebant,
631 889 818 966 oblinibis,
846 889 970 948 mittes
998 892 1033 949 et
1060 890 1144 947 mis·

127 998 187 1039 oes
211 979 344 1056 aliaque,
368 978 549 1054 depravatae
571 978 794 1056 monachorum,
823 979 876 1055 qni
898 979 990 1038 libros
1012 978 1144 1037 Palladii

125 1068 306 1144 plerumque
334 1067 372 1125 ad
400 1085 490 1126 snum
516 1067 650 1143 ipsorum
681 1085 772 1125 usum
796 1068 991 1145 seripserunt,
1021 1085 1143 1128 consue-

126 1156 230 1216 tudini
259 1156 401 1232 loquendi
433 1155 607 1216 tribuendos
637 1174 700 1216 asse
726 1155 938 1216 demonstrem:
971 1156 1024 1233 qui
1052 1175 1144 1232 qnam

124 1245 262 1304 maxima
289 1244 353 1304 fiori
379 1246 499 1321 poterat
526 1245 684 1323 diligentia
716 1263 751 1304 ao
783 1246 986 1306 moderatione
1018 1244 1143 1306 oorrooti

125 1338 213 1411 sunt,
246 1333 298 1393 sed
324 1336 448 1410 propter
471 1351 520 1394 eos
547 1335 646 1411 prima
673 1336 813 1410 reotaque
841 1335 929 1395 lectio
953 1354 1014 1395 non
1036 1333 1144 1411 paneis

123 1423 202 1484 locis
224 1422 350 1499 reperiri
371 1423 424 1481 nix
446 1425 554 1498 potest.

196 1565 308 1642 Scripsi
331 1565 510 1643 Viroehurgi
532 1583 632 1625 mense
656 1565 745 1642 aprili
768 1565 839 1625 anni
864 1567 958 1626 1897.
