2556 3942
557 102 664 156 ⁸³⁵*-

480 207 743 264 Asmo.rer-eo
1075 211 1120 276 45

105 376 176 420 esse
198 354 365 419 debebunt
387 377 425 420 ea
446 354 679 440 magnitudine,
703 377 785 439 quae
805 355 875 440 apis
893 355 1034 421 formam
1052 379 1120 422 non

105 443 211 529 possit
235 444 396 509 excedere.
439 444 486 509 sic
510 443 595 508 enim
618 444 725 508 noxiis
749 443 945 509 animalibus
968 445 1120 530 ingressu

104 533 279 598 resistetur
302 536 457 617 angusto:
479 532 532 596 uel
556 532 584 596 si
606 554 683 616 apes
703 533 851 598 obsidere
870 533 1043 619 noluerint,
1067 557 1116 600 en·

104 625 219 686 euntes
244 619 324 703 alio,
348 643 421 686 cum
436 643 510 712 ,non
532 620 686 706 defuerit,
708 625 843 686 utentur
866 643 1008 707 egressu.

73 881 88 920 ⁵
330 933 333 938 ¹
372 851 432 916 nn
456 849 617 918 Aemus
642 849 853 917 annulus.

104 1021 108 1030 ·
170 974 260 1060 Apes
289 975 319 1040 si
345 975 498 1041 emendae
527 981 618 1060 sunt,
646 975 889 1060 procidamus,
919 980 957 1041 ut
995 940 1173 1008 XXXVIII

99 1065 200 1152 plena
219 1065 362 1129 aluearia
381 1068 610 1148 conparentur:
634 1087 731 1148 quam
751 1086 821 1129 rem
839 1066 892 1129 uel
910 1065 957 1129 in-
993 1028 1163 1118 (XXXIX)

103 1155 231 1239 spectio
256 1153 309 1217 uel
332 1153 508 1218 murmuris
532 1153 724 1239 magnitudo
748 1153 799 1217 uel
822 1151 1006 1238 frequentia
1026 1176 1116 1220 mon-

104 1247 193 1308 strat
225 1242 438 1307 commeantis
472 1263 508 1306 ac
535 1242 709 1307 remeantis
740 1243 910 1307 examinis:
943 1265 984 1308 ex
1010 1243 1120 1309 uicina

58 1361 87 1400 ro
103 1331 216 1417 potius
251 1353 349 1414 quam
381 1331 561 1417 longinqua
593 1330 740 1416 regione,
775 1353 816 1395 ne
854 1332 939 1398 aeris
970 1333 1119 1397 nouitate

103 1423 317 1504 temptentur.
364 1421 392 1484 si
420 1442 497 1484 uero
525 1419 656 1505 longius
685 1419 891 1485 aduehendae
916 1425 1005 1502 sunt,
1034 1422 1118 1487 collo

102 1513 202 1575 nocte
230 1512 415 1593 portentur:
446 1531 506 1574 nec
533 1509 703 1573 conlocare
736 1531 795 1574 nec
821 1510 946 1592 aperire
975 1511 1119 1575 aluearia

101 1599 170 1662 nisi
189 1619 323 1681 uespere
342 1597 488 1662 instante
506 1596 669 1662 debemus.
706 1599 909 1682 speculemur
927 1598 1041 1664 deinde
1060 1622 1119 1684 per
1142 1600 1162 1662 2

103 1686 261 1770 triduum,
279 1708 320 1750 ne
339 1707 434 1751 omne
452 1684 567 1750 ianuas
587 1707 662 1750 snas
682 1685 868 1771 egrediatur
882 1708 1024 1752 examen.
1056 1687 1119 1754 hoc

57 1803 85 1843 15
102 1775 193 1841 enim
217 1776 311 1860 signo
334 1774 448 1861 fugam
471 1773 672 1839 meditantur
691 1775 868 1840 adsumere.
906 1781 1021 1841 contra
1038 1776 1119 1843 haec

101 1863 158 1929 uel
186 1867 295 1929 cetera
323 1885 381 1928 suo
410 1884 621 1948 unaquaeque
650 1885 758 1928 mense
788 1865 966 1929 reddemus.
1008 1869 1118 1931 tamen

102 1953 282 2018 creduntur
313 1973 380 2016 non
411 1951 538 2037 fugere,
571 1952 599 2015 si
628 1957 752 2017 stercus
779 1953 992 2038 primogeniti
1020 1955 1118 2019 uituli

102 2042 289 2107 adlinamus
313 2041 424 2106 oribus
448 2041 665 2106 uasculorum.

471 2270 531 2335 DE
554 2268 757 2337 BALNEIS.

55 2425 85 2464 so
172 2394 249 2460 Non
268 2394 411 2460 alienum
429 2399 495 2478 est,¹
507 2395 535 2458 si
553 2416 655 2479 aquae
671 2394 763 2479 eopia
776 2395 931 2481 patiatur,
977 2359 1172 2426 XXXVIIII

101 2482 377 2569 patremfamilias
402 2483 441 2548 de
459 2487 626 2549 structura
643 2484 753 2548 balnei
773 2483 930 2570 cogitare:
1022 2447 1109 2537 (XL)

102 2594 189 2658 quae
222 2594 273 2638 res
306 2575 340 2636 et
371 2572 535 2656 uoluptati
568 2571 745 2656 plurimum
775 2573 922 2638 conferat
950 2578 983 2638 et
1011 2573 1119 2639 saluti.

101 2664 217 2746 itaque
245 2662 398 2726 balneum
426 2662 661 2726 constituemus
686 2662 724 2748 in
749 2667 916 2746 superte,
943 2684 1008 2747 qua
1031 2664 1120 2728 calor

180 2860 194 2906 1
214 2851 438 2922 magnitudinem
453 2870 475 2921 p
497 2856 507 2923 ss
530 2859 545 2906 2
567 2853 677 2924 possint
695 2854 721 2907 L
745 2856 754 2924 ΙΙ
776 2861 792 2908 3
812 2857 933 2924 angusta
957 2854 983 2909 G
1005 2856 1015 2923 Ι]
1037 2861 1054 2908 4
1073 2853 1119 2907 cui

102 2923 251 2978 defuerint
269 2925 310 2991 Ε,
334 2923 384 2976 ubi
406 2939 463 2977 non
485 2924 591 2979 fuerint
613 2942 701 2995 ceps,
726 2942 815 2995 coep
840 2927 844 2996 l
868 2925 994 2979 uitentur
1017 2925 1118 2992 LVG,

102 2995 201 3050 nitent
219 2995 250 3049 F
269 2997 278 3064 ΙΙ
302 3001 316 3048 'l
337 2993 463 3048 albearia
483 2996 533 3066 QS
555 2998 559 3067 l
584 2995 631 3049 uel
652 2996 746 3051 0210-
768 2999 777 3066 ΙΙ
800 3001 816 3050 8
840 2998 979 3050 monstrat
1003 3012 1053 3051 om.
1070 3014 1093 3066 p
1110 2997 1120 3069 ll

101 3073 119 3122 9
141 3065 279 3120 examinis
297 3065 457 3135 probantp
473 3070 476 3134 Ι
493 3069 522 3121 et
540 3083 574 3120 ex
595 3069 652 3135 Τα,
672 3068 724 3138 [et]
744 3083 778 3120 ex
797 3085 851 3138 ops
867 3069 870 3137 Ι
888 3073 921 3120 10
940 3083 1025 3134 quam
1044 3083 1078 3121 ex
1092 3087 1118 3136 a,

101 3154 193 3207 quam
212 3138 271 3209 [ex]
289 3153 343 3207 ops
356 3138 365 3205 ΙΙ
380 3143 412 3189 11
432 3140 577 3192 tereantnr
590 3155 620 3208 p,
640 3140 785 3192 tententur
803 3156 841 3193 ac
866 3138 1045 3207 spuehenda
1063 3141 1095 3193 E

102 3215 139 3263 12
160 3211 243 3262 nocte
258 3207 329 3262 collo
345 3208 433 3277 Ecps
445 3210 454 3279 ll
470 3215 502 3262 13
517 3212 582 3278 post
595 3207 721 3262 triduum
735 3157 862 3276 Lsrnl
878 3208 1056 3278 postriduum
1071 3211 1098 3265 G

102 3287 138 3334 16
161 3282 190 3333 et
210 3281 304 3332 cetera
323 3279 450 3349 Elaops
474 3285 477 3346 Ι
503 3280 721 3350 unumquodque
739 3297 816 3361 ceps
836 3282 840 3351 l
866 3279 1055 3334 reuidebimus
1074 3299 1093 3335 a

102 3358 138 3404 17
161 3349 313 3404 creduntur
331 3348 481 3419 confugere
499 3351 555 3406 SE
583 3354 587 3421 Ι
613 3351 786 3422 primigenitr
805 3351 894 3406 LSF
913 3353 922 3420 11
946 3358 979 3405 18
999 3351 1119 3405 adlinia-

100 3439 168 3475 mus
189 3421 216 3476 G
238 3423 248 3490 ΙΙ
271 3426 305 3474 20
324 3418 434 3490 copiam
455 3422 478 3492 Q
501 3424 504 3490 Ι
524 3421 651 3492 potiatur
669 3423 699 3476 Ε
719 3425 729 3492 ΙΙ
750 3428 783 3476 21
804 3423 946 3476 destructa
965 3423 1013 3490 L1,
1032 3440 1060 3475 m
1079 3421 1119 3475 L²

100 3510 194 3562 supra
217 3495 226 3562 ΙΙ
250 3497 283 3545 22
307 3491 415 3546 confert
435 3493 625 3565 QSTFa‘aps
647 3496 656 3562 ΙΙ
680 3500 713 3547 23
738 3493 940 3547 constituamus
958 3493 1013 3561 E¹‚
1038 3492 1119 3546 eE²

100 3581 193 3634 aspra
