2524 3946
464 215 581 272 aenio.
596 217 635 271 nr
650 223 683 272 25
961 282 963 288 ¹
1017 219 1080 282 107

65 387 103 430 ac
125 368 275 450 tegemus
299 363 406 429 cinere
428 362 524 428 terris
544 362 698 427 admixto.
735 384 802 427 non
820 363 960 446 amplius
981 386 1078 449 quam

65 457 223 538 quattuor
242 452 355 538 digitis
374 452 549 536 operimus.
586 473 729 517 seremus
749 452 892 516 emedio
912 453 1079 518 februario

63 547 97 607 et
112 547 188 608 toto
203 542 332 626 martio,
350 542 432 606 locis
450 563 527 608 uero
544 538 754 615 calidioribus
769 540 897 605 octobri
911 547 1079 625 postremo

63 632 115 697 uel
147 630 338 696 nouembris
371 629 480 714 initio,
513 629 577 694 sed·
600 651 701 694 uerno
734 630 875 694 maxime
908 631 959 695 die
991 653 1078 696 nono

21 719 272 786 -ccalendarum
296 717 457 804 aprilium.
501 722 613 782 amant
636 718 709 783 loca
732 717 846 802 calida,
869 719 1022 784 sabulosa
1046 719 1131 785 aaa

61 809 256 895 plerumque
282 807 456 873 maritima.
496 807 531 871 in
554 805 626 871 tufo
649 808 702 871 uel
727 807 845 892 argilla
867 808 924 871 uix
948 829 1079 891 conpre-

61 898 220 963 hendunt.
257 917 352 962 umor
375 897 528 961 adsiduus
551 895 652 960 moris
670 897 824 981 prodesse
843 918 909 960 non
928 897 1078 961 creditur.

59 986 265 1052 fossionibus
284 986 426 1050 laetatur
444 990 477 1050 et
497 989 649 1049 stercore.
682 984 793 1069 putria
812 985 847 1049 in
864 985 915 1050 his
936 990 969 1050 et
989 985 1080 1050 arida

59 1081 136 1161 post
161 1075 342 1140 triennium
365 1077 441 1139 sunt
465 1073 616 1157 putanda.
657 1073 818 1158 plantam,
848 1074 876 1138 si
900 1076 1079 1157 robustam,

23 1191 47 1231 ro
61 1164 245 1230 transferes
278 1184 388 1228 mense
421 1163 548 1228 octobri
581 1167 614 1226 et
646 1162 830 1246 nouembri‚
864 1163 892 1226 si
924 1170 1079 1248 teneram,

59 1253 231 1320 februario
255 1257 288 1316 et
312 1252 440 1316 martio.
478 1251 610 1316 scrobes
634 1251 796 1316 desiderat
814 1251 957 1336 altiores,
979 1252 1079 1316 inter

58 1344 149 1408 ualle
174 1341 314 1425 maiora,
342 1362 382 1406 ne
405 1340 531 1405 umbris
554 1343 722 1424 prematur
746 1339 890 1404 alterius
936 1340 1077 1406 feracem
1087 1342 1132 1407 30

58 1432 300 1515 laetioremque
324 1429 407 1494 mori
433 1430 583 1493 arborem
595 1429 673 1493 ¹fieri
693 1428 795 1513 aliqui
813 1429 1026 1515 tradiderunt,
1050 1431 1078 1494 si

56 1521 230 1606 perforato
258 1519 408 1584 hincinde
436 1523 551 1582 trunco
581 1518 729 1603 singulos
753 1540 873 1583 cuneos
896 1517 1078 1584 inseramus

20 1638 43 1677 ιι
57 1607 254 1689 terebinthi,
281 1607 431 1672 hincinde
454 1606 593 1671 lentisci.
640 1607 725 1672 circa
753 1608 903 1671 octobres
928 1609 1078 1673 calendas

58 1719 174 1765 morus
204 1697 427 1780 ablaqueanda
453 1699 503 1760 est
527 1699 559 1759 et
583 1695 746 1759 radicibus
770 1695 840 1760 eius
862 1697 933 1760 uini
957 1697 1077 1761 ueteris

56 1785 307 1854 recentissimae
335 1785 420 1850 feces
450 1783 675 1849 infundendae.
721 1785 878 1849 inseritur
900 1785 935 1848 in
958 1786 1019 1850 fico
1044 1789 1077 1850 et

56 1877 90 1942 in
115 1899 152 1943 se
179 1879 309 1940 tantum
332 1875 393 1938 sub
418 1873 549 1939 cortice.
592 1873 681 1938 ulmo
705 1873 805 1938 insita
833 1874 1076 1959 conprehendit,

56 1967 113 2031 sed
137 1964 285 2050 parturit
307 1984 445 2048 magnae
468 1961 672 2026 infelicitatis
697 1966 879 2047 augmenta.

17 2081 44 2120 ao
122 2051 382 2120 AVELLANA.
428 2051 606 2116 Auellauae
638 2051 805 2134 ponendae
834 2055 911 2116 sunt
938 2051 1075 2116 nucibus
1086 2053 1126 2116 31

56 2143 136 2209 suis.
187 2163 253 2207 uon
282 2141 421 2226 amplius
452 2162 551 2223 supra
579 2144 700 2205 terram
728 2139 872 2204 ducenda
900 2142 949 2203 est
978 2161 1076 2223 quam

56 2230 278 2299 crassitudine
297 2230 439 2315 digitum
460 2229 606 2293 duorum.
638 2228 760 2312 plantis
779 2233 889 2293 tamen
909 2232 942 2292 et
961 2228 1075 2292 subole

129 2448 145 2494 1
167 2442 298 2508 tegamus
317 2439 354 2507 E,
373 2437 495 2508 tegimus
514 2456 591 2509 ccqs
607 2442 611 2508 1
627 2441 720 2492 terrae
738 2440 803 2508 3112
823 2437 892 2492 locis
910 2437 1075 2519 temperatis

52 2519 117 2581 post
136 2527 263 2566 seramus
282 2511 362 2564 tacu
386 2512 391 2581 1
417 2527 434 2562 a
458 2525 553 2564 mense
575 2509 717 2563 februario
735 2508 829 2564 medio
848 2512 878 2562 et
894 2525 1000 2563 marcio
1019 2509 1050 2562 Ε
1066 2509 1076 2582 11

55 2581 244 2638 tnouembri
262 2582 311 2649 ΕΙ
331 2597 405 2635 nouo
426 2581 452 2636 G
474 2582 483 2651 11
506 2586 522 2634 5
541 2580 678 2634 kalendas
698 2580 800 2651 apriles
818 2581 848 2634 c'a
873 2583 876 2650 1
903 2597 936 2634 ac
953 2580 1075 2650 plerum-

55 2671 111 2724 que
131 2654 166 2710 Ε
192 2654 201 2722 11
229 2659 244 2706 6
267 2651 326 2706 tofo
349 2653 457 2722 (topho)
482 2652 697 2722 STEGiocqs
724 2655 733 2721 11
761 2657 776 2705 7
800 2650 885 2705 moris
908 2653 972 2706 incl.
994 2669 1048 2723 cos

56 2732 72 2780 8
90 2726 155 2780 leta
175 2724 224 2795 ΕΙ
239 2721 334 2793 patria
355 2724 385 2793 Q,
404 2723 523 2776 Putrida
541 2724 572 2790 V,
591 2722 707 2792 putrida
721 2724 752 2777 E
763 2725 802 2792 119
821 2722 899 2793 prius
917 2721 1053 2792 trienno

53 2797 191 2922 {thid
205 2795 343 2937 hmilli
360 2795 458 2920 lili*
478 2795 775 2920 mqqqrqsqffin
792 2793 1049 2935 diffidit?

55 2885 278 2994 desiderandas
304 2955 317 2992 a
340 2938 349 3007 11
373 2910 411 2990 12'
429 2884 479 2990 nep
485 2867 574 2990 altera
594 2954 641 3003 os,
664 2952 700 2990 ne
720 2883 835 3008 [dltera]
854 2954 890 3007 oq
910 2938 914 3006 1
939 2906 1074 2990 feracem3

54 3028 112 3080 que
134 3010 160 3080 Q
182 3011 191 3078 11
214 3014 248 3062 13
267 2956 451 3077 altioremque
470 3009 545 3078 c'ocq
561 3013 565 3075 1
580 3025 685 3062 morem
704 3010 739 3075 L,
759 3008 888 3062 arborem
905 3005 977 3060 mori
994 3008 1048 3061 ias
1065 3006 1076 3079 11

57 3089 91 3136 14
119 3079 258 3135 hincinde
285 3097 335 3134 om.
354 3080 393 3135 Sc
420 3082 428 3149 11
461 3085 493 3134 16
522 3079 655 3134 hincinde
682 3077 795 3132 lentisci
818 3096 868 3133 om.
883 3096 917 3147 p,
947 3079 1010 3132 incl.
1034 3078 1072 3151 sl

55 3151 192 3208 Octobris
211 3151 354 3222 (octobris)
373 3152 431 3205 PL
440 3152 560 3221 TEacq
578 3153 587 3221 11
612 3157 643 3205 17
663 3149 781 3204 Inserito
799 3149 830 3203 in
848 3149 901 3203 fico
920 3150 955 3218 L,
973 3149 1074 3204 Inseri-

54 3227 103 3278 tur
123 3224 221 3278 autem
240 3222 258 3275 i.
273 3221 292 3278 f.
307 3224 350 3291 ic,
370 3225 465 3276 autem
483 3223 547 3276 incl.
561 3239 597 3293 oq
613 3225 616 3293 1
632 3221 741 3292 persico
756 3239 809 3290 pro
828 3221 879 3275 fico
895 3238 925 3290 p,
944 3222 999 3274 ficu
1018 3219 1049 3274 Ε
1063 3221 1075 3294 11

58 3302 91 3349 19
112 3296 243 3348 armenta
262 3294 299 3362 Ε,
318 3296 484 3363 argumenta
502 3311 516 3348 a
538 3296 547 3363 11
570 3299 604 3347 ⁶20
623 3292 820 3347 ABELLANA
840 3293 873 3361 G,
896 3291 944 3345 DE
963 3293 1073 3346 AVEL-

54 3365 168 3420 LANIS
186 3365 218 3419 E
244 3365 249 3436 1
279 3363 482 3420 AbellanaeG
508 3366 518 3434 11
546 3370 578 3417 21
603 3366 811 3434 superterram
830 3365 868 3433 L,
893 3381 978 3434 supra
998 3366 1073 3417 terra

55 3439 188 3507 Eiacqa
212 3436 216 3509 1
242 3436 388 3490 ducendae
411 3439 476 3489 sunt
494 3435 549 3490 SE
570 3439 579 3505 11
602 3442 635 3488 22
659 3434 849 3505 grossitudine
868 3437 899 3489 Ε
922 3438 926 3506 1
952 3433 1074 3504 digitum

56 3509 118 3562 PL
125 3507 157 3578 Q,
176 3507 330 3578 digitorum
348 3509 427 3562 ceteri
443 3510 446 3577 1
462 3510 575 3561 tuorum
593 3508 620 3560 L
636 3510 640 3576 1
657 3505 774 3560 subulae
796 3507 895 3576 PLQ,
920 3504 1017 3559 sabule
1039 3505 1072 3575 G,

56 3579 160 3634 sobule
182 3581 211 3648 Τ,
231 3577 327 3633 sobole
345 3581 425 3634 ceteri
