2538 3942
159 186 224 250 184
580 182 750 238 PALLADE

159 331 267 397 medio
290 329 418 414 palmae
441 329 554 413 planto
576 325 775 393 circumfodi.
812 348 897 392 nunc
915 326 996 392 locis
1015 330 1176 409 tempera·

160 421 205 484 tia
229 419 403 503 amygdala
426 422 555 483 matura
577 419 654 481 sunt
678 416 718 480 ad
741 416 921 500 legendum.

505 647 565 713 DE
589 645 828 711 ARMENTIS.

109 773 177 838 lIlI
245 773 317 840 Hoc
345 778 492 856 tempore
520 772 660 836 maxime
688 771 791 836 tauris
820 768 1071 836 summittendae
1099 775 1177 834 sunt

163 885 291 947 uaccae,
314 861 390 947 quia
410 863 519 926 decem
538 881 687 926 mensum
704 864 818 944 partus
838 859 885 925 sic
900 859 1027 943 poterit
1046 863 1176 924 maturo
1207 887 1220 926 ⁵

163 974 239 1016 uere
264 949 424 1016 concludi:
448 954 481 1014 et
505 953 629 1014 certum
653 953 702 1012 est
722 971 775 1013 eas
794 952 870 1032 post
888 970 1022 1013 uernam
1041 948 1177 1034 pingue·
1263 998 1264 1048 ,

164 1041 273 1105 dinem
297 1040 475 1125 gestientes
499 1036 627 1103 ueneris
651 1059 760 1102 amare
782 1037 960 1102 lasciuiam.
998 1037 1055 1102 uni
1080 1041 1176 1102 tauro
1263 1053 1264 1078 1

165 1129 349 1213 quindecim
381 1150 496 1192 uaccas
529 1125 711 1192 Columella
744 1127 866 1191 adserit
896 1148 993 1210 posse
1026 1125 1177 1190 sufficere

165 1219 415 1301 curandumque,
433 1239 474 1281 ne
493 1215 662 1298 concipere
680 1219 844 1300 nequeant
857 1215 1027 1280 nimietate
1042 1214 1177 1301 pingue-

164 1307 258 1371 dinis.
294 1307 323 1370 si
347 1305 546 1370 abundantia
568 1303 682 1388 pabuli
704 1307 754 1368 est
772 1304 807 1368 in
825 1304 967 1389 regione,
991 1325 1056 1388 qua
1074 1304 1174 1387 pasci·
1195 1331 1222 1369 ro
1264 1318 1265 1402 1

164 1417 245 1478 mus,
264 1398 376 1479 potest
395 1394 487 1458 annis
508 1394 659 1457 omnibus
677 1394 712 1457 in
730 1392 871 1458 feturam
888 1414 986 1458 uacca
1000 1391 1179 1457 summitti:

164 1484 193 1547 si
211 1505 289 1547 uero
309 1483 474 1569 indigetur
492 1481 554 1547 hoc
573 1503 700 1567 genere,
724 1482 858 1546 alteruis
881 1481 1084 1564 temporibus
1103 1505 1179 1546 one·

166 1572 285 1637 randae
305 1576 382 1636 sunt
400 1572 613 1654 maximeque,
637 1571 665 1634 si
685 1571 815 1635 eaedem
833 1592 949 1636 uaccae
970 1570 1066 1636 alicui
1085 1572 1178 1656 operi

120 1662 288 1725 2seruire
322 1663 528 1725 consuerunt.
573 1659 636 1724 hoc
666 1681 776 1724 mense
807 1660 925 1724 arietes
955 1659 1177 1724 candidissimi

163 1748 306 1835 eligendi
328 1753 362 1814 et
385 1749 579 1813 admittendi
601 1752 679 1812 sunt
703 1747 856 1813 mollibus
879 1747 977 1826 lanis,
998 1748 1033 1812 in
1057 1749 1178 1832 quibus
1199 1773 1224 1814 15

163 1860 230 1903 non
266 1838 374 1903 solum
411 1838 556 1922 corporis
593 1837 712 1901 candor
745 1837 994 1902 considerandus
1032 1841 1083 1902 est
1122 1839 1177 1902 sed

164 1927 264 1992 etiam
288 1926 413 2010 lingua:
442 1948 524 2011 quae
549 1926 577 1990 si
601 1924 736 1990 maculis
761 1925 956 2008 fuscabitur,
981 1927 1179 1991 uarietatem

165 2017 278 2082 reddet
301 2016 336 2080 in
359 2015 481 2080 subole.
518 2015 556 2079 de
580 2014 654 2079 albo
677 2014 869 2098 plerumque
891 2015 1038 2080 nascitur
1057 2015 1179 2080 coloris
1266 2065 1267 2088 ι

165 2106 314 2171 alterius:
347 2105 385 2169 de
414 2103 515 2168 fuscis
541 2124 732 2187 numquam,
765 2104 850 2167 sicut
878 2103 1058 2170 Columella
1087 2105 1181 2188 dicit,

164 2199 276 2279 potest
309 2194 402 2258 albus
436 2193 546 2258 creari.
596 2193 754 2274 eligemus
787 2193 922 2258 arietem
955 2193 1072 2277 altum,
1103 2215 1180 2278 pro·
1197 2220 1224 2258 ao

167 2304 285 2367 cerum,
308 2286 422 2347 uentre
446 2281 608 2366 promisso
632 2285 666 2346 et
688 2282 773 2345 lanis
793 2282 937 2347 candidis
955 2284 1052 2360 teoto,
1075 2283 1182 2346 cauda

165 2371 373 2456 longissima,
400 2371 532 2436 uelleris
561 2370 665 2454 densi,
692 2369 801 2435 fronte
823 2371 905 2454 lata,
933 2371 1061 2456 magnis
1084 2372 1182 2436 testi·

166 2462 241 2540 bus,
270 2459 389 2524 aetatis
418 2460 548 2543 trimae,
577 2460 633 2543 qui
660 2463 771 2524 tamen
793 2454 953 2543 usquein
976 2463 1051 2524 octo
1074 2481 1182 2524 annos

122 2551 276 2633 3p0test
308 2547 434 2613 utiliter
465 2549 556 2612 inire.
602 2547 723 2612 femina
755 2549 852 2613 debet
883 2549 972 2613 bima
1004 2549 1183 2632 summitti,

168 2658 250 2721 quae
278 2659 380 2720 usque
409 2639 443 2701 in
472 2637 728 2721 quinquennium
757 2637 882 2702 feturae
909 2638 1092 2702 necessaria
1120 2643 1184 2722 est,
1200 2662 1228 2702 as

237 2836 251 2882 1
272 2827 338 2882 colli
359 2829 433 2883 enda
447 2846 500 2898 pro
519 2828 721 2897 circumfodip
738 2832 747 2898 11
770 2834 786 2882 2
806 2827 951 2898 amigdala
969 2828 1016 2899 811
1034 2834 1050 2881 3
1069 2827 1111 2881 IN
1130 2828 1182 2883 ΕΟ

163 2901 211 2954 ΕΤ
231 2898 330 2954 GREG
368 2899 412 2953 VS
431 2901 602 2970 adaltrute
620 2899 741 2954 maxime
757 2917 807 2954 om.
814 2919 836 2968 p
852 2902 856 2970 1
872 2899 961 2954 tauris
976 2917 1027 2954 oce.
1037 2900 1085 2968 ΕΙ
1103 2917 1184 2953 sum-

164 2971 321 3026 mittendae
345 2974 411 3025 sunt
433 2971 521 3026 tauris
545 2987 649 3026 uaccae
673 2972 704 3040 S,
728 2970 884 3025 mittendae
908 2973 939 3024 Ε
963 2973 972 3040 11
1001 2977 1016 3024 5
1040 2971 1185 3024 mensium

170 3043 413 3114 VSTEatacqs
433 3044 438 3112 1
459 3042 499 3097 sic
517 3060 601 3112 om‚p
617 3045 620 3112 1
636 3042 805 3096 maturando
823 3042 855 3095 E
875 3044 884 3110 11
909 3049 942 3095 10
962 3041 1060 3123 papuli
1081 3041 1105 3111 Q
1123 3043 1128 3114 1
1145 3043 1184 3097 de

165 3131 222 3182 qua
241 3115 267 3168 L
289 3115 299 3183 11
322 3118 355 3167 11
375 3113 504 3168 omnibus
524 3113 604 3167 annis
624 3114 654 3166 Ε
669 3115 672 3186 1
688 3115 813 3167 futurum
834 3113 1102 3183 θ11211ιὼςιιθι11
1123 3115 1177 3171 El

167 3191 199 3238 13
224 3183 248 3237 si
271 3201 321 3240 om.
344 3186 441 3255 61114
465 3187 670 3238 consueuerunt
693 3186 820 3256 Eiocpa
833 3187 842 3253 11
857 3190 890 3237 15
914 3187 943 3238 et
965 3183 1097 3238 mollibus
1123 3186 1155 3239 E
1174 3174 1178 3241 l

167 3262 200 3309 16
229 3254 359 3324 splendor
378 3273 400 3323 p
427 3259 436 3325 11
465 3262 497 3309 17
521 3254 635 3324 linguae
660 3255 715 3309 SE
743 3260 747 3326 1
776 3254 908 3309 masculis
932 3256 963 3308 E
988 3258 997 3325 11
1026 3261 1058 3308 18
1082 3256 1187 3311 reddit

167 3343 257 3381 omnes
278 3325 282 3395 1
303 3341 413 3394 quoque
432 3326 596 3395 plerumque
615 3327 645 3378 Ε
666 3328 675 3394 11
700 3333 872 3394 lanamque
888 3344 941 3395 pro
959 3343 1115 3394 numquam
1131 3347 1154 3397 p
1174 3329 1185 3385 1·

167 3403 201 3450 20
221 3396 324 3450 album.
352 3395 440 3448 altum
458 3399 489 3450 Ε
502 3399 511 3466 11
525 3402 557 3449 21
577 3395 720 3466 promissis
739 3399 789 3465 ΕΙ,
808 3397 984 3467 prominente
1002 3397 1044 3451 13¹
1060 3399 1065 3467 1
1080 3392 1186 3452 candi-¹

168 3465 290 3520 dissimis
312 3465 486 3536 Gltectum.
510 3466 675 3536 longissima
694 3469 784 3522 cauda
802 3469 833 3523 Ε
851 3471 860 3539 11
879 3475 912 3521 23
931 3469 1039 3538 primae
1058 3469 1191 3540 PLQV

168 3536 335 3592 smol·
347 3538 357 3605 11
372 3541 405 3589 24
423 3536 502 3590 bima
520 3554 570 3592 om.
586 3539 616 3592 Ε
627 3541 635 3608 11
651 3545 684 3592 25
703 3556 791 3607 usque
811 3539 847 3592 ad
866 3540 897 3592 Ε
911 3545 915 3608 1
931 3539 1042 3594 foetura
1062 3539 1086 3594 G
