2524 3946
168 201 212 265 64
268 281 272 286 Ι
591 201 760 255 PALLADE

169 370 321 431 cauerne,
344 371 403 432 per
426 369 524 431 quam
547 347 681 412 noxium
705 347 839 411 desudet
861 369 1017 425 umorem,
1038 346 1092 410 uel
1116 369 1184 410 me·

169 439 241 502 dius
265 441 400 502 truncus
424 436 607 501 terebretur
633 440 666 502 et
690 458 809 501 cuneus
832 434 914 521 ligni
938 435 1032 500 melle
1056 434 1183 500 oblitus

169 527 365 610 inprimatur
397 526 451 590 uel
483 525 512 589 si
544 526 630 590 circa
662 526 786 590 radices
815 524 947 589 suillum
975 528 1099 590 stercus
1128 525 1184 588 ad-

119 614 297 681 l2fundas.
335 614 509 700 amygdala
530 615 571 678 ad
589 615 763 700 legendum
783 614 1006 678 maturitatem
1023 613 1184 697 fatentur,

171 726 244 768 cum
267 704 390 769 fuerint
410 703 552 788 spoliata
572 703 759 769 corticibus.
795 703 875 767 baec
894 701 962 767 sine
982 724 1058 766 cura
1076 701 1184 766 bomi—
1213 732 1225 770 5

169 793 221 858 nis
247 797 419 858 seruantur
441 793 476 857 in
498 792 642 878 longum.
680 793 708 857 si
732 791 906 856 difficulter
929 791 1053 856 corium
1071 791 1184 855 dimit-

170 886 252 967 tent,
269 883 371 967 paleis
388 884 506 947 obruta
520 882 674 946 continuo
690 881 890 946 relaxabunt.
912 881 991 945 item
1006 880 1184 962 decoriata,

171 972 199 1035 si
228 993 313 1055 aqua
341 972 466 1035 marina
494 972 640 1035 lauemus
667 974 724 1035 aut
747 969 844 1050 salsa,
873 973 905 1033 et
933 967 1068 1034 candida
1094 969 1185 1033 fiunt

171 1066 204 1124 et
236 1061 415 1145 plurimum
448 1060 574 1124 durant.
620 1081 729 1124 mense
763 1057 925 1124 decembri
951 1058 1004 1122 uel
1033 1057 1184 1122 ianuario

172 1149 259 1215 circa
282 1149 354 1214 idus
379 1149 571 1234 amygdalus
597 1149 767 1230 inseritur,
789 1147 870 1212 locis
893 1169 971 1212 uero
994 1145 1124 1231 frigidis
1150 1151 1186 1212 et
1202 1179 1228 1216 ιο

172 1237 346 1304 februario.
391 1236 419 1302 si
442 1243 552 1302 tamen
576 1237 722 1302 surculos
746 1237 891 1319 condias,
914 1241 1087 1319 antequam
1111 1257 1187 1320 ger-

119 1327 308 1411 13minent,
331 1327 429 1391 utiles
453 1330 538 1405 sunt,
562 1327 617 1410 qui
642 1327 680 1390 de
704 1326 890 1390 summitate
915 1329 1093 1389 sumuntur.
1133 1325 1186 1389 in-

172 1415 294 1479 seritur
318 1421 350 1479 et
375 1417 435 1479 sub
460 1415 580 1480 cortice
604 1418 636 1479 et
659 1414 694 1478 in
717 1419 842 1478 trunco.
880 1415 1067 1478 inseruntur
1088 1413 1123 1478 in
1148 1437 1186 1479 se

172 1508 205 1567 et
223 1505 258 1567 in
276 1505 411 1587 persico
443 1502 560 1568 Graeci
579 1504 732 1568 adserunt
751 1503 840 1567 nasci
860 1503 1032 1587 amygdala
1051 1503 1187 1588 scripta,

173 1593 201 1656 si
225 1595 337 1676 aperta
359 1597 446 1658 testa
468 1593 643 1657 nuculeum
666 1614 783 1657 sanum
802 1591 901 1657 tollas
921 1595 953 1656 et
971 1592 1006 1655 in
1025 1614 1062 1656 eo
1083 1592 1187 1675 quod·
1202 1623 1228 1662 15

172 1681 254 1746 libet
282 1681 405 1746 scribas
434 1685 467 1746 et
493 1679 614 1746 Iterum
639 1681 711 1747 luto
741 1684 774 1745 et
801 1681 935 1765 porcino
965 1683 1105 1745 stercore
1136 1681 1187 1745 in·

172 1771 322 1835 uolutum
346 1792 494 1854 reponas.

122 1863 163 1926 14
239 1857 335 1923 NVX
348 1857 553 1924 IVGLANS.
577 1857 702 1923 Nucem
718 1880 861 1924 seremus
876 1861 1021 1922 extremo
1036 1858 1187 1924 ianuario

173 1948 226 2010 uel
249 1947 422 2013 februario
469 1953 558 2012 amat
581 1950 651 2013 loca
675 1953 843 2031 montana,
867 1947 976 2011 umida
999 1950 1032 2010 et
1054 1945 1189 2032 frigida,

173 2038 363 2121 plerumque
387 2037 543 2122 lapidosa.
579 2041 691 2120 potest
711 2041 821 2100 tamen
840 2040 873 2102 et
892 2035 973 2101 locis
992 2036 1188 2119 temperatis
1205 2068 1231 2105 so

173 2125 306 2191 iuuante
334 2148 446 2190 umore
473 2125 603 2190 nutriri.
649 2125 783 2191 serenda
811 2128 861 2189 cst
888 2125 1025 2189 nucibus
1054 2125 1122 2188 suis
1147 2147 1189 2189 eo

174 2236 272 2297 more,
297 2237 360 2299 quo
385 2219 418 2278 et
442 2214 615 2299 amygdala
638 2218 799 2296 seruntur,
822 2217 855 2278 et
875 2213 991 2278 iisdem
1008 2212 1191 2279 mensibus

174 2301 203 2365 si
226 2325 307 2387 quas
331 2303 500 2368 nouembri
525 2325 635 2367 mense
655 2303 815 2386 dispones
839 2302 1043 2386 aliquatenus
1062 2303 1096 2366 in
1116 2302 1190 2368 sole

122 2395 164 2457 15
174 2391 328 2473 siccabis,
367 2395 405 2455 ut
442 2397 595 2457 exucetur
626 2391 761 2456 noxium
793 2391 882 2456 uirus
915 2391 1047 2456 umoris.
1101 2413 1190 2476 quas

174 2502 251 2544 uero
276 2480 381 2544 mensi
403 2481 550 2546 ianuario
573 2480 627 2546 uel
650 2479 813 2545 februario
837 2479 1004 2564 positurus
1028 2502 1076 2561 es,
1099 2502 1192 2565 aqua
1208 2512 1233 2551 ss

248 2713 261 2759 1
282 2705 381 2761 noxius
399 2708 499 2760 humor
518 2708 671 2778 exsudetp
691 2711 700 2779 ll
724 2714 739 2761 3
758 2707 783 2762 si
801 2709 864 2763 iucl.
884 2726 938 2778 cys
954 2710 958 2777 Ι
975 2707 1111 2761 adfundes
1134 2709 1161 2764 G
1182 2711 1193 2782 ll

174 2786 191 2832 6
216 2777 364 2832 dimittant
386 2779 442 2833 SE
467 2783 475 2848 ll
503 2785 519 2832 8
545 2782 578 2832 ut
600 2780 679 2834 cand.
702 2781 744 2848 V1,
774 2781 824 2833 aut
846 2779 926 2834 caud.
947 2779 1056 2835 V²GE
1080 2781 1089 2848 ΙΙ
1118 2785 1134 2832 9
1159 2785 1194 2836 et

174 2849 232 2904 Ian.
253 2849 325 2905 sus
343 2852 352 2920 (l
372 2856 403 2903 11
424 2849 538 2903 condies
559 2851 593 2919 G,
613 2850 731 2920 colligas
751 2855 779 2904 et
797 2850 900 2904 condas
919 2853 954 2920 sl!
974 2856 1007 2904 12
1025 2849 1195 2905 inseruntur

174 2923 268 2993 tucos
295 2924 303 2990 ll
333 2927 365 2975 13
389 2920 419 2974 iu
438 2921 541 2975 cortice
563 2923 588 2976 T
610 2925 614 2992 l
638 2921 707 2976 inse.
727 2921 865 2992 inpersico
886 2922 912 2976 G
938 2925 947 2991 ll
976 2929 1009 2975 14
1028 2919 1134 2975 scribta
1155 2923 1193 2993 Q,

174 3009 225 3046 om.
237 3011 260 3061 p
272 2997 281 3062 ΙΙ
297 3001 329 3047 15
348 2993 498 3046 nuculeum
517 2995 583 3062 PL,
601 2993 732 3047 nucleum
750 2995 829 3048 ceteri
844 2995 848 3063 Ι
865 3009 1002 3046 sananum
1018 2994 1044 3047 L
1058 2994 1067 3062 ll
1082 2997 1114 3046 16
1135 2993 1194 3048 ite-

174 3079 237 3115 rum
255 3063 381 3117 clausum
399 3064 459 3118 luto
479 3064 537 3119 V’a
551 3068 559 3135 ΙΙ
575 3070 608 3118 18
627 3064 675 3118 DE
696 3064 865 3118 SERENDA
882 3063 979 3117 NVCE
993 3065 1030 3132 Ε,
1049 3063 1128 3118 XVII
1146 3065 1194 3120 De

174 3149 246 3187 nuce
260 3134 389 3204 iuglandi
404 3136 440 3204 Ε,
454 3134 502 3188 DE
518 3135 596 3189 Nuce
610 3135 745 3206 iuglande
759 3137 778 3205 i,
793 3135 848 3189 Tit,
863 3135 935 3188 XVI.
954 3135 1062 3189 Nucem
1075 3134 1194 3205 iuglan—

176 3205 242 3258 dem
265 3224 295 3273 o,
320 3205 374 3261 Tit.
390 3207 461 3261 XVI.
489 3207 531 3260 De
553 3223 625 3260 nuce
648 3207 790 3277 iuglande.
828 3206 935 3260 Nucem
959 3205 1146 3279 [iuglandem]
1166 3227 1194 3276 c,

177 3274 243 3346 [Tit.
258 3275 343 3347 XVI]
365 3277 473 3332 Nucem
497 3277 683 3350 [iuglandem]
701 3296 736 3348 qs
754 3281 763 3348 ΙΙ
782 3283 814 3331 19
836 3277 882 3330 uel
900 3277 1052 3332 Februario
1072 3295 1121 3332 om.
1139 3296 1161 3348 p
1186 3281 1199 3353 [Ι

165 3349 210 3399 '22
235 3350 264 3401 et
282 3353 345 3400 unte
364 3348 515 3418 amygdala
534 3366 583 3402 om.
603 3350 644 3417 Ε,
664 3351 727 3403 iucl.
746 3350 780 3418 31
800 3347 910 3402 hisdem
928 3349 1079 3419 Pavet,
1097 3348 1197 3405 isdem

177 3418 231 3473 Ls
238 3418 296 3472 ΤΕ
306 3420 316 3487 ll
331 3423 364 3470 23
389 3419 437 3472 sed
461 3436 530 3487 quas
553 3419 700 3490 Τθασρε,
726 3418 800 3483 Quas
815 3437 837 3488 p
853 3423 857 3488 Ι
873 3435 967 3473 mense
986 3420 1133 3474 nouembri
1152 3423 1188 3476 E

176 3505 272 3544 mense
290 3506 340 3543 om.
357 3488 590 3614 STpAEvdisponis
609 3506 698 3545 omncs
716 3494 725 3561 11
748 3497 782 3544 24
801 3492 934 3544 exucetur
952 3491 1009 3546 PL
1018 3491 1082 3562 oF,
1105 3468 1198 3548 erue3

176 3562 223 3613 tur
246 3562 277 3630 V,
298 3562 416 3613 exuatur
459 3561 496 3627 Ε,
517 3559 657 3613 exiccetur
675 3560 851 3631 (exsiccetur)
870 3563 949 3616 ceteri
