2556 3942
474 205 739 260 saniona-aa
1077 207 1121 271 29

98 351 216 416 tertius
239 351 340 416 trium
363 350 416 415 uel
440 352 578 415 duorum
597 371 667 415 esse
687 350 866 416 consueuit.
903 352 959 417 sed
978 352 1111 436 electae,

99 441 127 505 si
150 441 214 505 hoc
236 441 404 524 placuerit,
427 439 570 504 nutrices
594 439 735 525 gallinae
760 440 835 524 sint,
859 461 942 524 quae
967 464 985 506 a
1007 441 1115 524 primo

98 531 300 594 incremento
329 529 424 592 lunae
452 549 571 592 nouem
599 527 713 593 diebus
741 528 886 594 habeant
909 551 1030 594 nouem
1054 553 1116 594 oua

99 618 284 702 subposita,
318 618 461 701 quinque
493 617 657 701 pauonina
690 621 723 682 et
756 621 863 682 cetera
897 619 948 682 sui
977 620 1117 702 generis.

69 735 83 775 5
99 707 225 772 decima
243 707 294 771 die
315 706 424 771 omnia
443 705 624 791 gallinacea
643 706 881 771 subtrahantur
901 710 933 771 et
952 707 1017 771 alia
1033 708 1115 772 item
1138 709 1160 772 4

99 796 281 880 gallinacea
304 796 443 859 totidem
465 795 608 859 recentia
631 796 873 879 subponantur,
899 799 980 879 quot
1004 797 1116 861 ablata

99 887 192 968 sunt,
223 889 261 948 ut
293 883 459 949 tricesima
491 883 583 968 luna,
617 883 679 949 hoo
712 888 777 964 est,
811 883 949 968 expletis
981 884 1121 969 triginta

98 974 225 1053 diebus,
243 972 372 1057 possint
393 994 467 1037 cum
485 973 658 1055 pauoninis
679 973 750 1037 ouis
771 974 898 1057 aperiri.
932 994 995 1038 oua
1010 977 1121 1038 autem

97 1084 279 1146 pauonum,
314 1083 396 1145 quae
429 1061 569 1146 gallinae
598 1061 747 1127 subiecta
774 1066 865 1143 sunt,
898 1083 994 1146 saepe
1023 1083 1122 1128 manu

54 1181 83 1219 ro
101 1154 346 1233 conuertautur,
371 1150 448 1234 quia
469 1148 532 1215 hoo
556 1150 628 1234 ipsa
649 1149 755 1215 facere
775 1151 831 1215 uix
850 1151 984 1216 ualebit.
1022 1173 1122 1216 unam

98 1244 230 1325 partem
254 1240 308 1304 oui
329 1239 471 1322 notabiS,
496 1243 533 1303 ut
557 1243 590 1303 te
614 1240 751 1303 subinde
776 1240 978 1305 conuertisse
1003 1261 1122 1326 cogno·

99 1350 185 1394 scas·
231 1329 369 1392 maiores
400 1331 510 1392 tamen
542 1327 682 1413 gallinas
714 1332 846 1412 oportet
877 1328 1011 1414 eligere:
1043 1352 1121 1394 nam

99 1417 284 1482 minoribus
303 1417 457 1501 pauciora
476 1417 648 1501 subpones.
680 1421 777 1482 natos
798 1418 827 1480 si
846 1418 886 1482 ad
901 1440 1000 1482 unam
1015 1421 1122 1483 trans·
1146 1422 1167 1484 5
1204 1485 1206 1494 χ

99 1507 188 1570 ferre
221 1527 240 1569 a
271 1506 421 1590 pluribus
453 1505 549 1589 uelis,
582 1505 662 1570 dicit
694 1505 879 1572 Columella
911 1507 967 1571 uni
1000 1507 1121 1572 nutrici

52 1625 81 1664 15
99 1593 226 1680 uiginti
254 1594 395 1679 quinque
424 1594 587 1659 sufficere:
620 1594 701 1660 mihi
729 1615 823 1670 uere,
853 1599 891 1660 ut
919 1596 1001 1661 bene
1030 1597 1122 1662 educi

100 1684 243 1768 possint,
266 1683 418 1748 uidentur
441 1683 626 1767 quindecim
649 1683 731 1748 satis
753 1706 832 1748 esse.
870 1683 987 1769 primis
1007 1686 1121 1750 diebus

100 1773 155 1838 far
183 1771 297 1836 hordei
324 1794 536 1856 conspersum
563 1771 641 1837 uino
664 1773 765 1857 pullis
789 1773 922 1837 dabitur
945 1774 999 1838 uel
1023 1774 1122 1838 unde·

101 1883 243 1945 cumque
267 1866 365 1927 cocta.
382 1860 542 1945 pulticula
566 1865 599 1926 et
622 1861 824 1946 refrigerata.
866 1867 984 1946 postea
1007 1863 1122 1928 adicie-

100 1956 160 2015 tur
184 1972 318 2035 porrum
337 1951 504 2015 concisum
522 1950 575 2014 uel
595 1973 708 2015 caseus
728 1972 840 2015 reeens
860 1952 916 2016 sed
937 1974 1122 2036 expressus:

51 2062 182 2109 aonam
210 2061 318 2104 serum
339 2038 439 2122 pullis
462 2042 568 2103 nocet.
609 2039 755 2108 locustae
780 2040 880 2104 etiam
904 2041 1043 2124 podibus
1067 2042 1122 2105 ab·

99 2129 183 2193 latis
206 2128 412 2213 praebentur.
452 2128 500 2192 ita
523 2128 675 2211 pascendi
699 2133 776 2193 sunt
799 2151 902 2212 usque
927 2128 968 2192 ad
992 2133 1121 2193 sextum
1145 2133 1164 2195 6

99 2239 260 2282 mensem.
292 2217 405 2281 deinde
425 2216 583 2281 hordeum
601 2217 725 2301 poteris
744 2218 901 2302 praebere
920 2216 1119 2282 solemniter.

98 2306 271 2371 tricesimo
300 2305 415 2389 quinto
443 2309 553 2370 tamen
581 2305 645 2389 die,
672 2313 850 2390 postquam
874 2305 943 2370 nati
968 2310 1057 2391 sunt,
1086 2313 1120 2371 et

97 2397 133 2460 in
157 2415 274 2480 agrum
293 2397 366 2459 tuto
386 2394 446 2458 eici
465 2398 604 2478 possunt
623 2396 801 2460 comitante
815 2395 942 2461 nutrice
957 2397 1120 2480 pascendi,

47 2514 79 2554 25
98 2485 195 2549 cuius
220 2483 367 2568 singultu
391 2487 586 2548 reuocentur
609 2483 649 2547 ad
667 2484 791 2548 uillam.
829 2485 968 2568 pituitas
988 2507 1067 2550 uero
1087 2489 1120 2550 et

97 2573 283 2639 cruditates
314 2571 367 2636 his
399 2572 549 2637 remediis
579 2573 812 2656 summouebis,
845 2574 964 2658 quibus
997 2574 1122 2658 gallina

100 2665 247 2727 curatur.
293 2661 471 2726 maximum
502 2661 569 2724 illis
597 2661 778 2745 periculum
807 2668 871 2747 est,
904 2684 977 2728 oum
1004 2664 1120 2748 incipit

177 2861 192 2908 2
210 2853 333 2908 nutrices
352 2852 410 2908 siut
427 2853 552 2923 gallinae
573 2853 650 2926 ΤΕΙ
671 2857 737 2908 sunt
757 2854 783 2908 G
803 2857 812 2924 11
836 2861 851 2907 3
871 2871 973 2909 nouem
991 2854 1118 2909 habeant

95 2943 158 2981 oua
178 2925 206 2994 S,
225 2941 328 2979 nouem
346 2943 395 2980 om.
412 2925 442 2978 E
461 2928 470 2994 11
493 2931 508 2978 5
528 2942 583 2978 oua
602 2928 666 2996 (pro
685 2924 789 2994 omnia)
810 2926 884 2994 FE,
904 2943 959 2979 oua
978 2925 1073 2978 omnia
1092 2945 1118 2994 a,

95 2998 183 3070 [oua]
202 2995 296 3050 omnia
314 3014 367 3066 ops
384 2998 387 3067 1
404 2995 677 3067 gallinacea-item
694 3014 744 3051 om.
760 2997 791 3050 F
805 2999 808 3066 1
825 2995 977 3067 gallinatia
994 2998 1019 3049 T
1034 2999 1037 3068 1
1055 2998 1119 3050 sub-

95 3070 234 3123 trahatur
248 3068 274 3121 L
291 3069 295 3140 1
311 3070 379 3122 tunc
396 3071 459 3136 (pro
473 3067 552 3137 item)
566 3070 578 3121 a'
591 3070 600 3137 11
615 3073 630 3121 6
650 3069 725 3136 quod
739 3067 797 3137 LQ
807 3070 838 3138 V,
858 3069 965 3136 quanto
980 3069 1017 3136 Ε,
1038 3069 1120 3139 [quot

95 3139 202 3194 ablata
221 3141 298 3211 sunt]
317 3157 330 3194 s
352 3141 361 3210 11
386 3145 417 3192 11
437 3141 465 3192 te
484 3139 656 3193 subuertisse
674 3140 701 3194 L
724 3143 733 3209 11
757 3145 790 3192 13
809 3141 892 3192 natos
911 3155 961 3192 om.
978 3141 1009 3209 V,
1028 3137 1119 3195 Natos

94 3215 199 3267 autem
217 3210 309 3280 pullos
323 3212 384 3264 hob.
400 3228 425 3280 a,
445 3208 534 3265 Natos
552 3211 659 3282 [autem
676 3210 780 3280 pullos]
801 3228 854 3281 ops
877 3212 886 3279 11
910 3216 942 3262 21
963 3211 1119 3280 praebean-

95 3287 148 3336 tur
163 3282 200 3350 F,
219 3281 398 3350 praebendae
414 3284 480 3335 sunt
494 3283 549 3336 SE
563 3283 567 3352 1
584 3281 735 3351 septimum
750 3281 790 3335 Gi
803 3283 812 3351 11
827 3287 860 3334 22
881 3280 956 3335 diem
970 3284 982 3336 a·
998 3286 1001 3352 1
1019 3283 1119 3336 ordum

95 3353 209 3424 praebe
240 3353 345 3422 poteris
375 3354 406 3407 E
432 3353 438 3434 1
468 3353 659 3423 sollempniter
684 3353 759 3421 Μ’,
793 3351 947 3406 solenniter
981 3354 1088 3434 Vaopa
1102 3355 1121 3426 11

97 3432 134 3480 23
145 3427 245 3478 tamen
255 3423 353 3492 quinto
363 3425 399 3492 E,
410 3424 561 3477 dictamen
571 3424 614 3496 F>
627 3423 714 3477 etiam
723 3426 788 3492 (pro
798 3425 836 3492 et)
847 3441 924 3493 ceps
937 3426 946 3493 11
961 3430 995 3477 24
1005 3426 1061 3477 tutr
1075 3424 1101 3477 V

96 3496 162 3550 eice
182 3497 222 3564 L,
242 3494 315 3549 deici
333 3497 379 3566 Vll
393 3500 426 3549 25
446 3495 621 3565 singulturae
640 3496 778 3549 uocantur
796 3495 835 3563 L,
854 3496 1043 3564 prouocantur
1063 3494 1094 3547 F
1117 3495 1120 3567 1

97 3573 137 3621 26
159 3565 196 3620 iis
216 3584 293 3636 acps
