2518 3938
164 217 231 279 254
587 210 757 264 suumn

163 381 280 426 manus
303 365 442 444 utraque
465 359 619 444 gestabit,
641 357 710 421 uini
731 356 853 420 ueteris
869 375 968 418 unum
991 353 1172 418 semisicili-

163 471 238 514 cunr
266 452 301 511 et
327 448 532 532 aliquantum
560 446 703 530 cupressi
725 445 886 509 foliorum
930 442 1041 506 mixtis
1071 443 1173 506 omni-

162 539 224 602 bus
249 537 354 601 oliuas
377 536 535 614 infundis,
561 536 718 600 inculces:
745 539 780 597 et
801 532 935 597 subinde
958 535 1104 596 crustam
1126 531 1171 594 fa—

163 625 277 692 ciendo
308 625 485 707 saturabis,
517 625 618 689 donec
649 624 690 687 ad
722 623 926 687 uasculorum
957 642 1084 684 summu
1113 642 1172 684 ora

116 713 345 798 dperuenias.
398 714 495 778 aliter
531 713 652 796 oliuas,
687 734 768 795 quas
804 713 943 776 iacentes
978 710 1172 793 reppereris,
1201 742 1213 781 ⁵

162 803 255 888 rugis
278 803 549 867 contrahentibus
571 803 694 885 crispas
717 801 851 885 colliges
873 804 906 862 et
933 797 1056 862 salibus
1078 799 1171 863 tritis

161 912 326 976 respersas
349 892 521 975 expandes,
543 891 644 954 donec
662 890 731 954 sole
752 890 960 953 inacescant.
998 892 1075 950 tunc
1095 888 1172 952 sub

161 985 267 1046 strato
290 979 383 1044 lauro
407 981 550 1045 alternas
573 983 679 1043 crates
707 979 860 1043 bacarum
886 975 1013 1059 saepius
1040 977 1172 1041 ordina-

160 1069 225 1134 bis:
259 1073 338 1132 tuno
370 1068 533 1133 defrutum
563 1089 636 1132 cum
668 1067 828 1131 satureiae
856 1064 1009 1130 fasciculo
1040 1065 1172 1130 duabus

160 1161 218 1222 aut
248 1156 357 1222 tribus
389 1158 485 1222 undis
514 1157 639 1220 feruere
669 1156 805 1240 patieris
837 1160 884 1238 et,
914 1158 1089 1238 postquam
1123 1159 1214 1226 te-10

160 1245 278 1330 puerit,
301 1268 401 1330 supra
424 1245 611 1330 conpositas
634 1246 732 1310 bacas
754 1245 903 1308 refundes
930 1243 1073 1306 admixto
1100 1245 1174 1308 sale

159 1334 292 1418 paululo
316 1339 350 1398 et
373 1334 501 1420 origani
519 1335 607 1399 fasce
630 1333 776 1399 coniecto
795 1355 892 1416 supra
913 1331 964 1395 ius
984 1353 1077 1396 omne
1098 1354 1175 1417 per-

115 1425 136 1487 5
160 1423 282 1487 fundes.
329 1423 425 1488 aliter
448 1424 550 1487 lectas
574 1424 671 1488 bacas
694 1445 734 1486 ex
756 1423 871 1486 arbore
894 1421 1006 1484 statim
1025 1422 1176 1508 condies,

159 1515 267 1575 rutam
297 1515 331 1574 et
360 1512 595 1594 petroselinum
625 1516 750 1575 sternes
778 1511 863 1575 inter
886 1509 992 1593 spatia
1014 1512 1175 1576 structio·

156 1597 208 1663 nis
238 1602 273 1664 et
302 1599 438 1664 subinde
469 1601 626 1684 cyminati
655 1599 733 1664 salis
761 1599 946 1683 aspersione
974 1599 1174 1666 cumulabis,
1193 1634 1219 1672 1⁵

156 1691 359 1772 postremum
390 1689 455 1752 mel
488 1694 521 1753 et
553 1693 680 1754 acetum
712 1687 933 1772 superfundes.
985 1687 1175 1756 nouissime

157 1776 274 1860 optimi
307 1777 370 1841 olei
404 1782 701 1862 quantumcumque
738 1777 896 1842 miscebis.
946 1776 1041 1841 aliter
1074 1777 1176 1864 leges

156 1864 260 1930 oliuae
291 1887 330 1929 ex
360 1867 476 1930 arbore
505 1866 618 1951 nigras
641 1870 675 1932 et
705 1866 890 1949 conpositas
919 1865 1025 1930 muria
1046 1865 1177 1933 dilues:

155 1955 235 2018 tunc
259 1952 344 2018 ollas
367 1954 485 2018 adicies
510 1955 616 2019 mellis
638 1959 748 2038 partes
771 1955 861 2034 duas,
884 1952 952 2019 uini
974 1976 1091 2039 unam,
1116 1957 1176 2022 de-

154 2039 235 2106 fruti
268 2039 448 2108 dimidiam:
481 2042 537 2107 ubi
570 2043 668 2108 simul
700 2042 931 2126 deferuuerint‚
956 2044 1102 2127 depones
1131 2069 1177 2112 ac
1195 2080 1222 2116 20

153 2131 359 2214 permouebis
384 2135 416 2196 et
435 2137 563 2196 acetum
587 2131 752 2196 miscebis:
774 2154 849 2196 cum
871 2131 1042 2215 refrixerit,
1066 2155 1177 2219 super

154 2218 258 2282 oliuas
279 2219 407 2306 origani
431 2221 579 2285 surculos
603 2224 780 2285 sterneret
804 2242 902 2304 supra
924 2221 975 2284 ius
994 2242 1092 2286 omne
1108 2224 1179 2289 dif-

110 2308 130 2372 6
154 2303 277 2372 fundes.
316 2307 412 2373 aliter
432 2308 536 2373 oliuas
560 2331 658 2374 manu
681 2309 783 2374 lectas
807 2331 879 2374 eum
902 2309 1058 2392 pediculis
1081 2333 1181 2398 aqua

224 2573 236 2620 1
263 2567 453 2624 semiciculum
479 2569 584 2640 sulp,
616 2570 801 2625 simiciculum
827 2571 1023 2641 PLQVTF,
1048 2572 1181 2632 simicu-

150 2635 209 2690 lum
229 2637 263 2707 G,
283 2639 441 2694 anniculum
460 2658 518 2712 acp
531 2643 540 2711 11
555 2648 570 2694 2
586 2641 724 2710 aliquanti
738 2643 770 2696 Ε
780 2645 819 2712 115
838 2642 973 2712 repereris
988 2643 1152 2718 VFiocps
1169 2652 1182 2724 11

150 2713 166 2762 6
187 2707 296 2779 colligis
315 2727 405 2766 omnes
418 2713 427 2781 11
443 2716 457 2764 7
477 2713 611 2782 expandis
626 2730 716 2768 omncs
732 2714 736 2784 1
753 2713 811 2768 sale
825 2715 856 2767 Ε
870 2717 874 2785 1
890 2713 1049 2769 inarescant
1070 2717 1152 2789 icps
1173 2725 1179 2796 1

149 2779 293 2835 subtracto
313 2781 343 2835 E
373 2785 381 2851 11
414 2782 582 2837 9defritum
603 2783 761 2853 QGSVF,
785 2784 933 2838 defrictum
951 2787 982 2839 Ε
1014 2788 1017 2854 1
1050 2786 1182 2848 fasculo

149 2851 205 2906 Sd)
226 2854 234 2922 11
259 2857 292 2906 10
311 2851 403 2907 fruere
422 2853 448 2906 L
474 2857 477 2922 1
502 2854 620 2923 patiaris
639 2856 670 2908 E
690 2858 699 2926 11
727 2861 759 2908 11
779 2856 878 2910 bracas
898 2857 949 2927 Ρ1
979 2857 1090 2913 ernisto
1110 2862 1148 2916 E
1171 2868 1174 2933 1

150 2927 182 2974 12
201 2923 348 2991 paululum
366 2925 397 2978 E
420 2925 424 2995 1
450 2940 530 2979 omne
549 2925 593 2978 ius
612 2927 642 2980 E
664 2928 667 2996 1
692 2926 836 2995 perfimdis
855 2927 1073 2997 PLQVGSE
1081 2933 1149 2986 ΤΕ
1171 2952 1175 3005 1

151 2997 183 3044 14
201 2993 402 3061 petrosilenum
421 2995 452 3064 S,
476 2995 672 3064 petresilinum
690 2998 773 3052 ETa
800 3001 809 3067 11
837 3005 870 3050 15
897 2997 1024 3052 ciminati
1042 3000 1067 3054 S
1074 3004 1168 3060 1ΕΤ

148 3061 279 3118 seminati
299 3067 310 3119 t
328 3069 336 3134 11
361 3072 393 3120 16
412 3069 553 3135 postremo
574 3068 619 3136 G!
645 3067 821 3138 superfundis
841 3069 1054 3139 PLQVGSE
1062 3073 1149 3130 TFi
1172 3055 1185 3177 11

149 3137 181 3186 17
202 3133 312 3214 colligis
333 3137 370 3204 G,
395 3136 466 3206 legis
486 3139 565 3192 ceteri
594 3139 597 3207 1
627 3139 783 3208 composita
801 3141 832 3193 E
856 3143 866 3209 11
895 3147 927 3194 18
951 3140 1035 3194 diluis
1055 3161 1147 3216 acps
1182 3188 1186 3224 Ι

149 3208 181 3255 19
201 3203 292 3257 adicus
311 3206 431 3276 (adlisis)
451 3225 541 3263 omncs
570 3211 573 3278 1
603 3209 653 3262 uui
667 3227 720 3279 pro
739 3210 799 3264 uini
818 3212 845 3265 L
868 3213 872 3282 1
896 3210 993 3266 defriti
1013 3213 1115 3286 (11711
1141 3209 1186 3278 ivi

146 3275 212 3340 ras.)
233 3273 290 3352 dd,
311 3274 424 3330 defricti
442 3279 541 3358 Ε1110
560 3282 590 3332 et
607 3280 657 3332 ubi
675 3283 768 3352 inops
784 3283 787 3351 1
809 3281 981 3337 deseruerint
999 3285 1056 3338 PL
1071 3287 1128 3344 VS
1134 3293 1186 3362 F,

147 3341 288 3395 defuerunt
308 3343 359 3423 111
394 3347 510 3415 deponis
530 3349 789 3423 PLQVGtacys,
809 3352 935 3422 depomis
957 3355 988 3408 F
1007 3357 1016 3423 11
1043 3361 1080 3410 21
1103 3379 1187 3429 per.

146 3425 242 3464 moues
261 3419 285 3465 et
303 3429 403 3468 mrsoss
426 3433 516 3472 omnes
530 3426 640 3486 practer
658 3423 698 3490 Ε,
725 3425 774 3492 qai
799 3439 965 3492 permouens
990 3433 1014 3480 et
1036 3428 1186 3491 miscens

146 3479 226 3596 dfrabet
240 3481 243 3548 1
258 3479 420 3560 refrixerint
437 3503 458 3552 s,
477 3487 686 3610 refriperaueris
706 3494 736 3545 Ε
755 3498 764 3563 11
785 3500 819 3548 22
839 3494 940 3549 sternis
960 3513 1048 3552 omnes
1078 3502 1083 3573 1
1112 3504 1186 3560 dif-

160 3547 241 3600 undrs
266 3549 317 3615 11¹,
338 3550 524 3610 drffundentes
