2538 3942
150 185 216 250 194
570 180 739 236 Pmnmu

149 328 288 394 dubites.
318 327 398 392 item
416 326 445 392 si
463 349 522 392 uas
540 327 634 414 figuli
648 327 770 392 siccum
784 347 888 411 neque
903 331 1035 393 coctum
1048 330 1164 394 eadem

149 417 276 482 ratione
303 421 446 501 ponatur
468 438 506 481 ac
529 415 681 481 similiter
703 416 884 499 operiatur:
914 417 1019 482 altero
1043 417 1110 502 die,
1135 419 1164 483 si

149 527 308 590 aquarum
334 528 419 571 uena
445 509 509 589 est,
536 503 571 570 in
595 505 760 589 praesenti
782 523 841 570 uss
866 509 1024 591 concepto
1047 528 1163 572 umore

150 594 304 661 soluetur.
336 595 418 659 item
435 594 540 658 uellus
558 593 652 658 lanae
671 615 773 678 seque
790 591 937 677 positum
955 594 1010 665 uel
1030 616 1163 680 cooper-

149 688 235 769 tum,
267 683 296 748 si
322 686 453 749 tantum
481 681 609 769 colligit
635 681 773 766 umoris,
806 685 844 746 ut
874 681 939 748 alia
965 683 1017 748 die
1044 683 1164 749 fundat
1196 712 1212 751 ⁵

106 774 124 838 7
150 794 349 858 expressum,
368 771 478 856 copias
497 771 603 836 inesse
622 769 808 836 testabitur.
837 770 918 835 item
936 772 1069 837 lucerna
1087 773 1162 838 oleo

149 862 246 947 plena
278 866 312 927 et
342 861 488 944 incensa,
519 858 549 925 si
579 860 627 926 ibi
659 859 811 924 similiter
840 862 928 924 tecta
954 864 1097 945 ponatur
1130 866 1165 926 et

150 953 262 1016 secuto
286 948 337 1014 die
360 949 548 1013 inueniatur
571 949 714 1014 extincta
736 948 967 1033 superantibus
985 949 1164 1034 alimentis,

150 1060 250 1124 aquas
273 1038 360 1104 idem
383 1037 474 1102 locus
496 1037 642 1103 habebit
679 1037 760 1101 item
783 1037 813 1100 si
835 1036 871 1101 in
893 1058 931 1102 eo
954 1036 1028 1104 loco
1051 1037 1164 1104 focum

41 1169 44 1176 ·
149 1127 264 1194 feceris
288 1130 322 1192 et
344 1129 433 1191 terra
455 1130 616 1210 uaporata
637 1126 783 1190 umidum
806 1124 933 1192 fumum
951 1126 1164 1192 nebulosum·
1182 1154 1213 1194 ro

150 1238 213 1302 que
244 1215 441 1318 ructauerit,
468 1235 569 1298 aquas
599 1215 705 1279 inesse
735 1235 920 1317 cognosces.
966 1213 1018 1280 his
1049 1216 1165 1318 itaque

150 1304 754 1478 {ipillidiliultlilrisfiitiinli
766 1306 1043 1477 tttttlft
1056 1304 1166 1460 llll

151 1479 294 1568 colliges.
340 1485 452 1546 temen
478 1481 618 1546 maxime
646 1481 706 1546 sub
737 1480 901 1546 radicibus
933 1482 1097 1547 montium
1130 1485 1169 1548 in

152 1569 411 1655 septemtrionali
438 1573 533 1655 parte
556 1570 756 1654 quaerendae
779 1572 857 1634 sunt
879 1591 996 1654 aquae,
1023 1571 1103 1655 quia
1131 1573 1167 1638 in
1185 1599 1214 1639 ιε

149 1660 202 1725 his
225 1658 306 1724 locis
330 1659 437 1744 megia
460 1657 628 1724 abundant
650 1658 863 1742 utilioresque
885 1663 1072 1725 nascuntur.

532 1887 592 1953 DE
616 1885 782 1954 PVTEIS.

98 2011 197 2080 VIIII
267 2012 331 2080 Sed
353 2015 389 2078 in
410 2011 571 2078 fodiendis
592 2010 701 2097 puteis
725 2012 904 2078 cauendum
927 2015 978 2076 est
997 2010 1168 2078 fossorum

151 2103 346 2188 periculum,
373 2101 528 2186 quoniam
553 2102 744 2186 plerumque
766 2104 854 2166 terra
877 2100 994 2184 sulfur,
1023 2101 1169 2186 alumen,

151 2192 299 2257 bitumen
316 2191 433 2276 educit,
452 2212 591 2276 quorum
605 2190 740 2275 spiritus
755 2190 850 2254 mixti
864 2189 1046 2254 anhelitum
1059 2193 1167 2275 pestis
1186 2220 1217 2259 so
1264 2221 1265 2234 ¹

152 2280 306 2346 exhalant
330 2284 363 2346 et
387 2279 554 2364 occupatis
576 2279 690 2344 statim
712 2277 847 2343 naribus
872 2281 1067 2364 extorquent
1094 2281 1168 2344 ani-

151 2391 232 2452 mas,
254 2367 320 2433 nisi
343 2370 416 2453 quis
439 2367 537 2455 fugae
561 2368 626 2433 sibi
649 2368 824 2434 uelocitate
848 2370 1025 2432 succurrat.
1069 2369 1168 2451 prius

152 2478 231 2543 ergo
255 2478 353 2541 quam
376 2457 590 2523 descendatur
613 2457 653 2522 ad
676 2455 806 2540 intima,
829 2456 933 2520 ineis
956 2453 1038 2521 locis
1061 2456 1170 2522 lucer·

151 2567 228 2611 nam
259 2566 360 2630 pones
394 2567 571 2612 accensam.
617 2567 699 2631 quae
731 2545 759 2610 si
787 2544 932 2610 extincta
960 2566 1027 2610 non
1053 2544 1170 2630 fuerit,

150 2633 332 2720 periculum
354 2656 421 2700 non
444 2635 590 2700 timebis:
614 2635 642 2699 si
660 2655 738 2699 uero
758 2634 974 2720 extinguetur,
1000 2635 1170 2701 cauendus
1188 2665 1218 2704 ss

109 2723 130 2788 2
154 2727 205 2789 est
227 2723 328 2808 locus,
351 2746 447 2808 quem
470 2722 606 2809 spiritus
630 2721 780 2788 mortifer
803 2723 982 2808 occupauit.
1024 2723 1113 2807 quod
1137 2725 1172 2789 si
1263 2757 1264 2764 κ

152 2813 217 2878 alio
241 2813 313 2878 loco
338 2835 422 2896 aqua
444 2834 511 2877 non
533 2816 644 2897 potest
666 2811 820 2895 inueniri,
849 2811 980 2876 dextera
1004 2812 1171 2897 laeuaque

223 2975 239 3022 2
259 2969 349 3024 altero
367 2984 434 3023 uero
455 2968 535 3038 Gar,
555 2968 645 3023 altero
664 2969 755 3042 [uero]
773 2986 809 3040 cp
835 2971 845 3038 ΙΙ
867 2973 883 3021 3
902 2966 993 3022 estin
1011 2969 1172 3039 praesenti,

151 3055 202 3093 vas
220 3056 233 3094 s
249 3041 253 3106 Ι
270 3043 405 3110 concepto
422 3040 539 3093 humore
558 3057 610 3094 uas
624 3041 655 3094 E
667 3042 707 3109 ΙΙ4
726 3043 754 3094 et
773 3042 935 3109 coopertum
948 3043 979 3108 sl
998 3045 1014 3092 6
1034 3038 1173 3107 copiosas

152 3125 212 3164 esse
236 3111 267 3164 E
283 3113 302 3234 (q
328 3117 343 3166 7
373 3127 491 3166 accensa
519 3127 597 3182 ceps
625 3113 630 3180 ι
660 3109 716 3165 sibi
738 3127 792 3181 pro
820 3109 844 3164 si
871 3109 913 3164 ibi
935 3111 962 3165 L
996 3153 1003 3178 ,
1031 3126 1080 3164 om.
1109 3111 1138 3164 V

152 3186 169 3235 8
197 3197 319 3236 secuno
349 3183 382 3251 G,
411 3181 539 3250 sequenti
566 3183 597 3236 E
624 3183 628 3253 Ι
658 3181 803 3238 elementis
831 3183 844 3235 e·
869 3184 879 3252 ΙΙ
910 3188 926 3236 9
955 3181 1053 3236 eodem
1079 3181 1141 3235 SE

153 3256 187 3305 10
209 3255 349 3320 uaparate
374 3253 400 3307 G
425 3256 435 3322 l
463 3257 495 3305 11
521 3251 665 3322 cognoscis
689 3253 746 3309 PL
755 3252 950 3308 VGSETFc'
976 3255 985 3323 Η
1013 3258 1046 3306 13
1068 3252 1173 3321 requi-

151 3321 190 3375 ris
209 3321 265 3376 SE
281 3323 291 3390 Η
310 3326 343 3374 16
361 3322 497 3378 utiliores.
522 3339 595 3390 quae
614 3324 660 3394 Vll
679 3328 711 3378 17
731 3323 779 3378 DE
799 3322 982 3378 PVTANDIS
1000 3324 1095 3393 Vll18
1117 3323 1173 3378 de-

152 3390 294 3446 fodiendis
319 3391 345 3445 G
371 3394 380 3461 ΙΙ
413 3399 446 3447 19
474 3393 589 3449 sulfure.
622 3393 716 3448 lumen
740 3396 772 3464 V,
801 3394 925 3464 sulphur.
959 3394 1070 3449 alumen
1102 3395 1130 3450 G
1161 3399 1174 3470 ΙΙ

154 3467 188 3514 20
205 3460 362 3515 hanelitum
379 3463 413 3531 in
427 3468 459 3516 21
473 3464 590 3519 neribus
605 3464 703 3518 statim
716 3466 772 3520 SE
784 3468 793 3547 [1
808 3471 841 3519 23
856 3465 958 3520 ultime
967 3467 998 3521 E
1009 3468 1019 3537 l
1033 3465 1175 3535 reponis

151 3545 243 3586 omnes
256 3534 265 3601 ιΙ
278 3537 312 3585 25
332 3531 513 3602 extinguatur
526 3535 572 3590 Ei
584 3537 594 3605 u
608 3541 642 3590 26
657 3537 807 3606 occupebrt
821 3553 911 3593 mones
925 3540 934 3608 Η
948 3543 981 3592 27
997 3537 1096 3591 dextra
1111 3538 1174 3594 Ea
