2524 3946
425 208 544 264 Ataia.
559 209 598 264 ΠΙ
613 215 719 263 23-24
1037 211 1081 274 95

61 353 279 418 seminandas.
317 354 346 417 si
370 376 479 419 semen
498 355 567 419 eius
587 356 718 439 seueris,
741 356 776 419 in
796 360 893 439 caput
912 355 1027 421 crescit
1046 359 1080 420 et

60 443 172 507 minus
202 443 308 507 reddit
335 443 370 506 in
397 443 534 508 semine:
563 445 591 508 si
619 445 799 528 capitulum
826 467 942 528 ponas,
970 444 1079 528 ipsum

59 531 221 596 maoescit
245 535 278 596 et
299 533 442 597 multum
466 555 575 596 semen
599 533 715 598 educit.
762 537 883 597 terram
908 555 1003 616 cepae
1027 535 1079 598 de-

58 622 209 685 siderant
240 621 411 706 pinguem,
443 621 655 686 uehementer
687 622 872 705 subactam,
904 622 1079 707 inriguam,

33 714 286 775 astercoratam.
333 710 381 774 ibi
415 732 506 775 areas
536 710 692 774 faciemus
722 711 874 775 omnibus
901 711 1012 775 herbis
1045 715 1078 774 et

57 799 169 863 radice
184 802 351 884 purgatas.
384 820 528 863 sonemus
542 799 670 883 placido
685 803 719 863 et
733 821 846 864 sereno
862 798 921 883 die,
936 799 1077 863 maxime

56 892 174 952 austro
198 887 250 950 nel
274 909 352 952 euro
376 888 540 952 flantibus.
580 889 608 952 si
631 889 796 952 minuente
819 889 897 952 luna
919 892 1077 971 scrantur,
1100 895 1123 958 4

55 982 175 1042 tenues
205 980 239 1040 et
261 977 402 1041 acriores
425 977 636 1061 proueniunt,
665 977 693 1041 si
717 981 894 1062 crescente,
922 978 1076 1041 robustae

55 1071 92 1131 et
120 1066 248 1148 saporis
276 1066 407 1130 umcoti.
452 1066 558 1129 rarius
587 1070 664 1129 sunt
686 1067 867 1150 ponendae,
894 1066 1076 1131 runcandae

19 1181 42 1220 io
56 1177 98 1220 ac
123 1154 333 1218 sarculandae
358 1154 496 1237 saepius.
535 1155 564 1218 si
588 1155 695 1238 capita
713 1156 914 1219 uoluerimus
933 1155 985 1219 his
1005 1177 1076 1219 csse

55 1243 199 1325 maiora,
231 1242 312 1307 folia
340 1244 449 1307 omnia
476 1243 630 1307 debemus
659 1243 799 1308 auferre:
832 1245 879 1308 sic
911 1265 1007 1308 sucus
1036 1244 1076 1307 ad

54 1332 218 1397 inferiora
245 1335 388 1416 cogetur.
436 1332 474 1396 de
502 1332 620 1415 quibus
644 1355 722 1397 nero
747 1333 871 1396 semina
895 1332 1077 1418 colligenda

56 1423 150 1502 sunt,
179 1421 332 1484 iuuentur
361 1421 580 1505 adminiculis,
607 1419 664 1485 ubi
688 1422 813 1486 caulem
837 1423 1003 1506 coeperint
1025 1443 1077 1486 ex-

56 1511 170 1576 citare.
225 1531 298 1574 oum
330 1510 425 1594 niger
457 1510 546 1574 color
578 1510 711 1575 seminis
744 1510 857 1594 fuerit,
888 1511 1076 1594 praeferunt

17 1627 41 1666 ιε
55 1597 262 1664 maturitatis
290 1598 419 1662 indicia.
464 1599 607 1663 uellendi
635 1605 711 1663 sunt
734 1599 830 1663 thalli
854 1602 958 1665 adhuc
983 1601 1076 1664 semi-

56 1688 139 1754 sioci
167 1709 242 1752 cum
266 1687 388 1751 semine
412 1691 445 1751 et
467 1688 515 1752 sic
538 1687 573 1752 in
597 1688 664 1751 sole
688 1686 839 1752 siccandi.
880 1689 942 1754 hoc
965 1711 1076 1752 mense
1099 1695 1121 1760 5

55 1777 216 1843 anethum
249 1797 336 1840 seres
368 1776 449 1840 locis
482 1776 620 1861 frigidis.
672 1798 801 1841 omnem
835 1778 916 1842 caeli
950 1781 1075 1842 statum

55 1865 197 1952 patitur,
227 1866 283 1930 sed
311 1863 470 1948 tepidiore
494 1866 644 1930 laetatur.
690 1866 830 1950 rigetur,
860 1867 886 1931 si
911 1889 945 1930 se
968 1867 1074 1930 imber

56 1955 233 2030 abstineat.
270 1958 399 2018 seratur
426 1954 540 2018 rarius.
578 1953 679 2039 aliqui
703 1977 814 2045 semen
837 1956 906 2020 eius
929 1977 995 2019 non
1019 1955 1074 2018 ob-

15 2073 42 2111 ao
56 2048 158 2109 ruunt
182 2043 364 2126 opinantes,
388 2044 474 2125 quod
499 2066 518 2107 a
540 2044 631 2107 nulla
655 2066 714 2107 aue
734 2047 898 2129 tangatur.
934 2049 1073 2107 nuncet

57 2133 171 2216 senapi
195 2153 301 2197 serere
319 2153 501 2215 possumus.
532 2133 594 2197 hoc
614 2132 713 2196 etiam
732 2155 842 2197 mense
862 2132 969 2197 caules
990 2153 1073 2196 sere-

57 2244 140 2305 mus,
164 2221 221 2305 qui
245 2224 278 2284 ct
301 2224 373 2285 toto
397 2242 480 2284 anno
505 2221 569 2285 seri
588 2225 737 2305 possunt.
774 2222 881 2285 solum
899 2222 1020 2306 pingue
1040 2225 1073 2284 et

57 2311 140 2376 satis
164 2311 339 2374 subactum
362 2309 517 2393 diligunt:
541 2308 693 2395 argillam
717 2315 750 2374 et
772 2310 918 2396 glaream
941 2310 1072 2374 timent:

58 2399 215 2464 sabulone
248 2404 283 2462 et
314 2398 445 2462 harenis
477 2421 544 2463 non
575 2399 794 2483 delectantur,
824 2398 889 2463 nisi
921 2398 1071 2482 perennis

13 2516 43 2555 aa
56 2490 145 2554 unda
171 2491 348 2553 succurrat.
395 2509 526 2551 omnem
553 2491 677 2551 statum
706 2488 787 2552 caeli
813 2489 914 2553 caulis
937 2487 1072 2571 patitur,
1096 2493 1117 2558 6

56 2577 214 2663 frigidum
237 2576 355 2662 magis.
399 2580 514 2641 contra
538 2580 686 2641 austrum
708 2577 810 2659 positi
834 2578 930 2641 citius
954 2577 1072 2660 ferunt,

58 2670 174 2732 contra
198 2665 465 2751 septemtrionem
486 2665 599 2730 serius.
637 2664 764 2730 sedhic
784 2670 816 2730 et
835 2689 950 2750 sapore
970 2667 1071 2732 caulis

129 2863 143 2910 1
164 2857 295 2927 capitep
318 2859 327 2926 11
354 2863 369 2910 2
388 2856 481 2927 ipsum
502 2875 588 2926 onap
610 2861 619 2927 11
642 2864 658 2910 3
681 2858 830 2913 marcescit
848 2859 974 2926 VBG-p,
997 2875 1069 2911 mar-

55 2929 141 2984 cessit
159 2929 190 2982 F
200 2931 209 2998 11
224 2934 241 2981 4
259 2928 307 2982 uel
325 2929 506 2982 uehementer
524 2930 550 2982 V
560 2933 599 2998 115
620 2945 719 2982 arenas
734 2930 765 2982 E
777 2933 815 3000 118
834 2929 1002 2999 proueniant
1018 2929 1043 2983 G
1061 2929 1071 3002 11

56 3007 90 3054 10
110 3000 296 3054 sarculandac
316 3002 382 3053 sunt
400 3001 679 3071 VSETFGiacps
695 3001 698 3073 1
716 3000 834 3069 Saepius
854 3001 878 3053 si
896 3001 927 3053 Ε
939 3002 948 3069 11
969 3005 999 3052 11
1020 3017 1070 3054 au-

54 3071 122 3126 ferri
140 3073 167 3125 V
180 3072 231 3194 Lat
249 3070 290 3124 sio
309 3073 356 3139 iu,
376 3071 429 3142 [et]
449 3071 489 3125 sic
508 3088 574 3141 cys,
595 3071 619 3124 si
637 3073 677 3140 L,
698 3071 727 3124 Si
745 3073 770 3126 V
791 3075 801 3142 11
825 3078 857 3125 13
877 3070 1004 3125 iuuemus
1021 3090 1042 3141 p
1063 3071 1067 3144 1

53 3141 179 3197 aminicu
194 3141 216 3196 's
234 3143 309 3210 LE,
331 3141 519 3196 amminiculis
538 3145 572 3196 iu
589 3143 592 3212 1
609 3142 733 3211 coeperit
751 3144 784 3212 111
804 3149 837 3196 14
856 3141 1013 3211 praefertur
1031 3144 1069 3211 E,

52 3217 209 3284 00001115
228 3212 366 3266 indicium
384 3215 415 3268 E
429 3212 514 3281 ltalli
532 3214 721 3283 PLQSEF,
740 3213 794 3267 tali
813 3214 900 3268 VTG
917 3216 926 3284 11
950 3220 982 3267 17
1004 3231 1068 3268 ane·

53 3289 114 3339 tum
135 3286 211 3340 codd.
240 3285 249 3354 1
278 3290 311 3338 18
334 3285 455 3354 regitur,
473 3285 504 3338 si
527 3301 584 3338 non
606 3285 722 3354 pluerit3
747 3287 892 3354 seraturp
918 3287 927 3354 11
956 3292 988 3340 19
1012 3302 1068 3339 non

52 3375 102 3411 om.
120 3358 222 3425 Ε1120
241 3357 270 3410 et
284 3372 334 3410 om.
352 3358 378 3411 Τ
388 3359 397 3426 11
412 3362 444 3409 21
460 3355 561 3425 synapi
579 3358 642 3424 VT,
661 3355 783 3426 sinapim
797 3355 858 3425 SE,
874 3355 967 3427 sinapi
980 3358 1039 3411 cdd.
1062 3356 1066 3427 1

50 3445 210 3497 possumus.
229 3426 267 3480 Et
285 3427 388 3496 caules,
407 3427 456 3495 qui
473 3430 534 3481 toto
549 3429 651 3496 101122
671 3427 730 3480 solo
748 3426 848 3497 pingui
867 3430 896 3482 et
915 3427 984 3481 satis
1003 3427 1068 3480 sub-

50 3502 118 3554 acto
130 3517 152 3568 p
165 3500 175 3568 11
189 3504 223 3551 23
238 3515 354 3552 arenam
363 3517 417 3568 pro
432 3498 563 3568 argillam
574 3499 586 3552 ι’
599 3501 608 3567 11
623 3505 656 3552 24
670 3499 769 3568 pennis
779 3499 815 3566 F,
830 3498 979 3568 perhennis
992 3498 1049 3567 ΩΤ

50 3578 85 3624 25
107 3572 241 3625 succurat
256 3570 280 3638 Q
296 3569 299 3640 1
316 3569 389 3624 caeli
407 3573 513 3624 statum
531 3571 646 3640 0009011
661 3575 693 3622 27
713 3569 760 3623 hic
779 3569 868 3623 caulis
884 3573 912 3624 et
926 3585 1024 3638 sapore
