2556 3942
503 209 622 265 Adara.
635 210 649 264 Ι
664 215 679 263 6
1057 211 1097 274 11

82 355 214 438 efficies,
232 359 270 420 ut
289 356 468 440 aequaliter
486 357 539 420 uel
559 356 681 422 sterilis
697 356 793 440 gleba
808 378 881 420 oum
896 356 1096 424 fecunditate

81 447 266 511 contendat.
309 445 425 510 Graeci
452 443 566 510 iubent
594 445 729 528 oliuam,
762 467 836 510 cum
864 446 1035 530 plantatur
1062 449 1096 510 et
1110 448 1151 510 14

79 535 213 620 legitur,
237 557 257 598 a
279 534 409 600 mundis
432 534 541 617 pueris
566 536 664 618 atque
682 533 867 618 uirginibus
887 535 1097 618 operandum,
1135 614 1140 622 Ι

79 624 193 706 credo,
221 621 383 688 recordati
411 623 522 687 arbori
548 623 625 689 huic
653 645 724 688 esse
751 623 934 706 praesulem
965 624 1098 688 castita-

57 718 161 778 rtem„
195 713 329 778 nomina
351 712 591 777 frumentorum
613 711 813 794 superfluum
831 715 882 776 est
899 713 1097 796 praecipere,

78 823 165 885 qnae
189 805 246 866 ant
268 801 341 866 loco
361 801 497 866 subinde
517 805 574 866 aut
593 804 700 866 aetate
721 804 896 865 mutantur.
933 799 995 866 hoc
1015 801 1096 866 satis

76 895 142 973 est,
166 893 203 954 ut
227 889 386 975 eligamus
410 889 584 973 praecipua
606 890 642 954 in
664 912 702 954 ea
725 888 867 974 regione,
893 911 992 973 qnam
1016 889 1096 956 coli-

75 1001 165 1058 mus,
186 978 241 1043 uel
263 978 469 1062 exploremus
492 979 638 1045 aduecta.
676 978 807 1061 lupinus
832 982 865 1044 et
888 977 974 1044 nicia
996 978 1097 1062 pabu-

75 1067 174 1150 laris,
207 1070 235 1132 si
267 1067 388 1134 uirides
419 1067 627 1133 succidantur
657 1071 691 1132 et
720 1067 834 1132 statim
861 1089 961 1150 supra
989 1070 1096 1133 sectas

44 1175 196 1222 neuram
219 1157 344 1221 radices
368 1161 491 1238 aretur,
516 1156 668 1222 stercoris
693 1155 907 1222 similitudine
931 1177 1028 1240 agros
1051 1157 1096 1220 fe

76 1245 238 1310 candent:
262 1267 344 1328 qnae
364 1246 393 1310 si
411 1268 450 1310 ex
470 1267 503 1309 se
523 1245 678 1328 aruerint,
702 1250 878 1328 antequam
894 1244 1096 1329 proscindas,

74 1337 115 1400 in
137 1333 191 1400 his
216 1338 321 1398 terrae
345 1356 442 1400 sucus
466 1333 621 1398 aufertur.
659 1355 737 1418 ager
761 1355 903 1418 aquosus
923 1334 996 1417 plus
1017 1343 1095 1400 ster-

75 1423 166 1489 coris
190 1423 327 1506 quaerit,
350 1422 456 1488 siccus
480 1423 595 1488 minus.
639 1422 761 1507 calidis,
784 1421 968 1506 maritimis,
992 1423 1096 1506 siccis,
1109 1422 1150 1488 15

76 1513 215 1598 apricis,
243 1513 481 1595 campestribus
505 1511 587 1577 locis
612 1532 706 1577 omne
731 1534 811 1595 opus
835 1511 1006 1576 uinearum
1030 1533 1095 1577 ma·

43 1620 60 1657 1⁵
77 1601 187 1666 turius
211 1601 397 1684 inchoetur,
420 1600 563 1686 frigidis,
587 1600 843 1683 mediterraneis,
866 1601 996 1682 umidis,
1020 1623 1095 1684 opa-

76 1692 134 1774 cis,
159 1689 325 1754 montanis
348 1689 429 1755 locis
453 1689 590 1754 tardius:
616 1690 712 1772 qnod
726 1710 792 1754 non
816 1689 922 1754 solum
946 1689 984 1754 de
1007 1711 1095 1764 men-

76 1781 170 1844 sibus
200 1782 258 1842 aut
285 1779 398 1842 diebus
426 1777 576 1862 dixerim,
605 1777 662 1842 sed
690 1778 789 1842 etiam
815 1778 905 1842 horis
930 1778 1094 1862 operandi.

77 1889 175 1933 omne
195 1889 277 1951 opus
296 1867 464 1950 rusticum,
488 1888 561 1931 cnm
581 1867 652 1930 fieri
670 1867 880 1952 praecipitur,
903 1888 1008 1950 neque
1029 1867 1095 1932 cito

76 1961 140 2038 est,
177 1957 206 2020 si
239 1960 314 2021 ante
349 1956 533 2040 quindecim
565 1956 647 2038 dies,
682 1977 786 2039 neque
818 1955 925 2040 tarde,
959 1957 987 2019 si
1020 1960 1096 2038 post

41 2064 62 2101 2⁰
76 2044 265 2130 quindecim
297 2045 366 2110 fiat.
415 2045 580 2109 frumenta
616 2045 727 2110 omnia
758 2044 898 2110 maxime
929 2044 1096 2109 laetantur

73 2135 206 2219 patenti
235 2156 349 2217 campo
378 2137 412 2199 et
438 2133 547 2198 soluto
570 2137 604 2198 et
627 2133 668 2199 ad
691 2134 793 2200 solem
816 2133 939 2198 reclini.
986 2132 1147 2215 spissalss

75 2229 107 2288 et
132 2228 266 2290 cretosa
289 2228 320 2287 et
345 2222 456 2288 umida
480 2227 568 2288 terra
590 2223 671 2288 bene
690 2221 741 2286 far
760 2226 793 2286 et
811 2220 959 2286 triticum
978 2222 1093 2287 nutrit.

74 2313 237 2378 hordeum
265 2333 344 2397 agro
374 2312 482 2377 soluto
512 2310 693 2376 delectatur
718 2316 751 2377 et
775 2309 874 2376 sicco:
906 2333 983 2377 nam
1007 2310 1035 2375 si
1059 2311 1094 2374 in

74 2403 187 2467 lutoso
216 2405 404 2486 spargatur,
432 2400 631 2466 inmorietur.
674 2399 874 2464 trimenstris
901 2400 986 2466 satio
1010 2400 1092 2468 locis

38 2508 61 2546 25
75 2489 218 2576 frigidis,
240 2490 365 2558 niuosis
387 2489 548 2572 conuenit,
571 2489 628 2554 ubi
648 2488 789 2572 qualitas
809 2489 944 2554 aestatis
964 2493 1095 2556 umecta

73 2584 133 2663 cst,
159 2579 279 2644 ceteris
303 2601 377 2644 raro
401 2578 575 2662 respondet
601 2582 728 2643 euentu.
771 2600 882 2648 semen
905 2578 1093 2646 trimenstre

148 2796 163 2844 1
185 2788 307 2843 fecunda
327 2789 414 2860 (lacy
433 2791 441 2859 11
461 2796 479 2844 4
497 2789 643 2844 recordate
662 2789 703 2856 Ε,
726 2787 869 2842 recordari
887 2789 898 2841 i
914 2789 918 2857 1
933 2787 1095 2857 praesulem

72 2877 134 2915 esse
157 2861 198 2929 G,
218 2859 381 2914 castitatem
398 2860 557 2929 praesulem
575 2861 605 2914 E
618 2863 627 2930 11
645 2864 661 2914 8
682 2861 732 2914 ant
750 2859 820 2928 expl.
837 2860 883 2929 Vll
896 2858 986 2914 uitiae
1004 2859 1093 2927 pabu-

71 2933 147 2988 lares
171 2931 227 3001 QT
243 2935 252 3000 11
274 2937 306 2986 11
327 2931 351 2984 si
370 2930 530 2986 exarserint
548 2931 684 3002 SEucys
700 2930 703 3002 1
719 2930 881 2999 proscindas
903 2930 950 2996 61,
969 2927 1094 2998 proscin-

72 3005 182 3058 duntur
195 3004 226 3056 Ε
239 3006 247 3073 11
263 3009 295 3056 12
315 3002 458 3058 auferetur
471 3003 502 3057 E
517 3003 520 3073 1
537 3002 579 3056 De
598 3018 646 3071 spe
665 3001 809 3056 vinearum
826 3003 906 3058 addit
921 3001 961 3056 (3³
974 3002 1006 3054 io
1019 3019 1092 3056 mar-

72 3078 136 3144 gine
153 3076 157 3146 1
177 3090 245 3144 ager
263 3091 313 3128 om.
331 3074 425 3144 111114
444 3091 513 3143 opus
528 3091 578 3128 om.
593 3073 658 3142 Ε111
674 3078 706 3127 lt
726 3072 875 3128 inchoatur
888 3073 919 3126 E
931 3074 940 3141 11
956 3077 988 3126 17
1007 3071 1094 3127 etiam

73 3149 206 3202 assuant
227 3147 329 3201 codices
352 3153 377 3200 et
399 3147 422 3214 i,
448 3146 497 3200 sed
519 3143 620 3226 [etiam
639 3144 685 3216 de]
704 3143 782 3199 horis
801 3163 849 3214 cy,
874 3143 923 3196 sed
947 3142 1034 3198 etiam
1058 3143 1093 3196 de

74 3217 151 3272 horis
173 3234 210 3272 as
227 3219 236 3287 11
261 3223 293 3272 19
312 3219 377 3286 post
395 3216 555 3285 quindecim
574 3216 634 3271 dies
654 3216 751 3270 VS¹E
777 3219 786 3285 11
814 3222 846 3268 21
866 3214 972 3270 reclino
991 3216 1027 3283 E,
1047 3231 1092 3268 re-

75 3288 143 3343 clini
162 3289 257 3360 iucqs
279 3291 288 3358 11
311 3294 345 3341 23
370 3305 438 3358 agro
461 3305 511 3342 cru.
531 3289 634 3344 codices
652 3295 677 3342 et
694 3288 707 3340 i
722 3290 726 3356 1
742 3286 773 3342 in
790 3287 883 3340 lutoso
903 3303 971 3356 agro
990 3288 1094 3342 codices

76 3363 204 3430 1111124
222 3360 365 3430 spargitur
380 3361 411 3427 T,
430 3377 497 3414 nam
515 3359 545 3413 in
563 3359 656 3414 lutoso
676 3375 804 3428 sparsum
822 3376 840 3412 a
856 3358 860 3429 1
876 3357 1043 3412 inmorietur
1060 3357 1092 3426 Q,

77 3427 252 3486 inmorietur
266 3432 327 3499 SE,
345 3430 481 3486 morietur
495 3431 550 3486 VT
556 3431 609 3500 Gt,
628 3428 786 3486 immoritur
800 3429 836 3495 F,
855 3428 974 3482 moritur
991 3444 1070 3498 aega
1086 3427 1090 3498 1

78 3501 227 3556 trimestris
246 3520 323 3572 ceps
341 3505 350 3573 11
369 3508 402 3556 25
426 3501 536 3557 rubosis
557 3501 591 3570 Q,
615 3500 740 3554 humosis
760 3501 797 3568 F,
822 3500 882 3571 [et]¹
899 3498 1003 3554 nivosis
1024 3515 1078 3568 eps

80 3573 107 3624 ct
124 3572 231 3630 niuosis
251 3577 338 3643 11116
358 3573 499 3628 trimestre
518 3590 594 3642 arpa
