2518 3938
445 171 563 227 AGRIO.
578 171 630 226 XII
645 175 686 238 12,
706 175 740 223 13
1025 171 1089 234 247

96 317 246 401 paulisper
266 317 368 382 robur
392 318 509 382 aetatis
534 339 690 402 pascuum
718 316 877 380 matribus
901 317 1006 401 possit
1033 318 1092 382 ha-

96 409 162 471 bere
185 429 359 471 commune.
763 451 766 462 1

153 494 207 558 DE
229 492 451 561 PASOENDI
475 493 656 561 ORDINE.
701 494 827 560 Pascua
855 493 954 558 ouillo
978 496 1089 579 generi
1115 497 1135 560 3

94 583 178 648 utilia
194 588 277 666 sunt,
301 605 381 667 quae
400 583 452 648 uel
472 582 505 647 in
524 584 697 648 noualibus
721 583 774 647 uel
797 581 831 646 in
854 583 957 666 pratis
981 584 1092 649 siccio-

74 673 173 739 sribus
196 673 390 738 excitantur:
413 671 575 756 palustria
596 693 675 736 uero
694 671 792 736 noxia
816 676 901 753 sunt,
926 671 1092 737 siluestria

93 762 236 826 damnosa
262 761 390 826 lanatis.
437 761 513 826 salis
543 765 654 826 tamen
682 761 795 825 crebra
823 761 1009 844 conspersio
1038 763 1091 829 uel

95 851 208 932 pascuis
236 851 339 914 mixta
366 849 419 914 uel
451 849 618 915 canalibus
649 849 836 933 frequenter
860 849 972 913 oblata
995 849 1091 914 debet

94 939 205 1020 pecoris
228 941 336 1003 leuare
360 939 539 1004 fastidium.
585 960 661 1003 narn
683 960 742 1022 per
765 938 919 1020 hiemem,
942 937 970 1002 si
993 959 1091 1021 penu-

93 1028 134 1091 ria
155 1033 203 1092 est
224 1026 290 1092 feni
314 1028 366 1092 uel
389 1028 515 1112 paleae,
542 1027 628 1093 uicia
651 1027 704 1092 uel
727 1026 856 1092 facilior
878 1027 985 1092 uictus
1009 1027 1090 1091 ulmi

61 1144 81 1180 a
94 1117 215 1181 seruatis
248 1117 419 1196 frondibus
457 1117 653 1200 praebeatur
686 1120 743 1180 aut
773 1114 902 1180 fraxini.
955 1115 1135 1181 aestiuis4

93 1205 241 1269 mensibus
270 1209 446 1289 pascantur
474 1206 534 1269 sub
568 1205 651 1271 lucis
682 1204 794 1288 initia,
827 1225 901 1285 cum
931 1205 1089 1288 graminis

95 1293 182 1357 teneri
209 1294 407 1359 suauitatem
434 1294 518 1358 roris
546 1293 690 1358 mixtura
713 1294 925 1358 commendat.
973 1298 1090 1377 quarta

93 1383 160 1445 hora
186 1383 366 1447 calescente
393 1387 491 1467 potus
519 1383 593 1467 puri
620 1383 764 1447 fluminis
793 1386 850 1446 ant
879 1381 969 1467 putei
996 1404 1089 1466 prae-

94 1470 193 1534 beatur
225 1476 283 1536 aut
314 1472 424 1536 fontis.
479 1471 603 1536 medios
633 1472 712 1536 solis
746 1472 868 1536 calores
901 1471 999 1536 uallis
1032 1476 1089 1540 aut

61 1585 79 1622 15
92 1560 175 1624 arbor
192 1562 348 1625 umbrosa
366 1559 514 1625 declinet.
551 1561 665 1625 deinde
689 1561 746 1624 ubi
769 1561 852 1625 flexo
877 1560 942 1624 iam
965 1560 1016 1624 die
1041 1583 1089 1624 ar-

92 1647 140 1711 dor
156 1649 345 1735 infringitur
368 1653 401 1713 et
425 1650 531 1714 solum
555 1649 660 1733 primo
684 1649 788 1714 imbre
807 1649 986 1733 uespertini
1005 1650 1088 1714 roris

91 1736 251 1822 humescit,
275 1759 409 1824 gregem
432 1760 621 1803 reuocemus
646 1738 685 1802 ad
708 1759 837 1821 pascua.
884 1738 940 1802 sed
965 1738 1090 1803 canicu·
1113 1740 1134 1803 5

92 1824 200 1892 laribus
223 1832 255 1892 et
280 1827 415 1891 aestiuis
439 1827 552 1891 diebus
576 1827 624 1890 ita
646 1828 825 1910 pascendae
845 1831 922 1890 sunt
941 1847 1028 1911 oues,
1051 1830 1088 1890 ut

92 1915 185 1996 capita
199 1915 308 2002 gregis
326 1938 453 1999 semper
467 1919 658 1980 euertuntur
677 1937 697 1978 a
715 1913 794 1980 solis
814 1915 953 1980 obiectu.
981 1915 1088 1980 hieme

61 2008 186 2067 arautem
208 2007 260 2069 uel
284 2027 361 2069 uere
380 2005 445 2068 nisi
462 2004 617 2069 resolutis
637 2003 796 2090 gelicidiis
816 2005 857 2068 ad
874 2025 997 2087 pascua
1014 2025 1088 2088 pro-

93 2089 149 2155 dire
176 2115 236 2158 non
270 2094 403 2156 debent:
437 2115 514 2157 nam
548 2093 704 2176 pruinosa
738 2092 840 2157 herba
869 2091 945 2156 huic
976 2091 1088 2177 generi

94 2181 209 2246 morbos
227 2180 361 2248 creabit.
394 2203 431 2245 ac
451 2185 529 2245 tunc
553 2182 653 2246 semel
672 2204 791 2266 aquare
816 2180 965 2246 sufficiet.
998 2202 1089 2267 grae-

93 2288 137 2331 cas
163 2291 235 2336 oues
263 2270 348 2334 sicut
377 2271 505 2334 asianus
533 2271 585 2334 uel
614 2271 793 2335 tarentinas
822 2270 922 2334 moris
951 2273 1000 2335 est
1024 2273 1088 2333 sta-

94 2356 157 2421 bulo
171 2361 279 2442 potius
294 2359 419 2423 nutrire
435 2381 532 2442 quam
552 2381 666 2443 campo
686 2363 719 2423 et
737 2358 879 2443 pertusio
898 2358 1019 2423 tabulis
1039 2380 1089 2424 so·

62 2444 160 2530 aslum,
176 2449 209 2511 in
227 2470 290 2534 quo
310 2448 509 2530 claudentur,
532 2448 720 2532 insternere,
743 2451 780 2512 ut
804 2449 850 2514 sic
870 2451 943 2512 tuta
967 2447 1088 2512 cubilia

93 2540 211 2618 propter
228 2537 380 2602 iniuriam
395 2536 532 2620 pretiosi
551 2536 681 2601 uelleris
700 2559 795 2601 umor
813 2537 927 2601 reddat
946 2536 1087 2602 elabens.

93 2622 139 2684 sed
159 2625 263 2690 tribus
284 2647 342 2708 per
368 2647 487 2689 annum
513 2629 621 2690 totum
646 2626 761 2689 diebus
787 2626 896 2710 aprico
926 2625 976 2690 die
1000 2627 1086 2690 lotas
1111 2627 1131 2690 6

154 2820 284 2885 lpastun
299 2817 373 2873 s1E
388 2819 392 2885 1
409 2835 472 2871 cum
485 2820 576 2870 matre
586 2818 616 2870 E
631 2820 634 2886 1
650 2817 760 2887 possint
773 2820 855 2888 a'cps,
875 2835 924 2871 ora.
936 2817 1087 2885 111131111-

93 2883 140 2937 lam
156 2887 201 2942 hoc
220 2889 276 2960 loco
290 2906 340 2943 om.
361 2889 391 2942 E
413 2892 417 2958 1
440 2888 516 2942 ouilo
535 2891 568 2958 ill
583 2895 598 2941 ὅ
616 2888 759 2943 Plaustria
777 2890 858 2959 Ε116
878 2885 961 2941 scalis
985 2887 1029 2955 Vl
1045 2903 1086 2940 re-

94 2955 185 3022 spersio
199 2960 231 3029 111
246 2966 261 3014 8
276 2959 408 3030 penuaria
423 2960 451 3013 P
465 2963 468 3029 1
484 2958 599 3013 faenum
613 2962 639 3014 L
650 2961 718 3028 Vc,
738 2961 851 3014 foenum
865 2961 936 3012 e'acs
949 2961 958 3027 11
972 2964 988 3011 9
1003 2958 1087 3027 palea

93 3025 172 3096 ineps
187 3031 190 3100 1
205 3029 252 3084 uel
270 3030 340 3084 noia
354 3048 444 3086 omnes
454 3038 565 3100 practer·
580 3031 613 3099 G,
633 3033 681 3100 qai
694 3031 801 3102 paleae.
831 3029 877 3084 uel
890 3028 963 3082 uitia
977 3030 1062 3084 tabet.
1078 3031 1087 3102 11

95 3102 121 3148 10
137 3099 205 3152 fraxi
223 3103 281 3155 PL
291 3103 354 3169 ΥΕ,
374 3101 484 3155 fraxin
503 3103 533 3154 E
546 3109 553 3167 11
576 3109 608 3154 11
627 3101 780 3156 mixturam
800 3102 847 3172 Gli
868 3107 900 3153 14
920 3100 986 3154 solis
1007 3101 1087 3155 ardo-

93 3183 129 3219 res
147 3173 192 3223 aut
206 3190 227 3240 p
241 3175 251 3242 11
266 3177 298 3225 lb
313 3173 395 3226 arbor
414 3172 566 3226 infrinatur
584 3174 683 3244 Ε1118
704 3189 769 3227 oues
789 3190 838 3228 om.
860 3173 957 3242 (1119
977 3189 1086 3242 semper

95 3252 137 3292 om.
154 3241 181 3294 Ε
195 3244 198 3312 1
214 3242 305 3298 hieme
318 3261 385 3297 uero
400 3245 430 3297 Ε
442 3247 451 3313 11
466 3250 498 3296 11
519 3245 662 3314 adaquare
677 3245 815 3315 Farrago,
836 3261 910 3312 aqua
926 3245 952 3298 G
964 3244 967 3316 1
981 3260 1085 3312 aquare

96 3311 170 3364 semel
187 3315 216 3366 E
239 3319 243 3383 1
268 3313 313 3368 In
329 3315 461 3369 OVIBUS
481 3314 633 3370 GRAECIS
652 3317 749 3370 inserit
767 3316 789 3370 S
810 3318 819 3385 11
842 3321 876 3368 13
900 3315 994 3368 asinas
1013 3315 1059 3367 Et

96 3380 251 3438 terentinam
261 3385 371 3441 PLVS
376 3386 445 3455 ΤΕ,
460 3386 614 3440 tarentinas
626 3387 660 3453 G,
675 3387 849 3440 terentianas
859 3387 903 3459 Ε1
917 3389 960 3438 est
973 3402 1023 3440 om.
1034 3386 1065 3438 Ε

97 3451 177 3517 potius
191 3455 300 3510 stabulo
315 3460 414 3528 lueys,
434 3458 546 3512 stabulo
560 3465 585 3512 et
598 3457 704 3511 nutrire
718 3474 768 3512 om.
781 3476 802 3526 p
816 3460 824 3527 11
839 3464 872 3511 15
887 3458 1024 3511 instruere
1034 3456 1066 3508 Ε
1083 3456 1086 3526 1

99 3524 122 3574 et
137 3525 172 3578 sie
189 3527 236 3598 Lu
250 3533 283 3580 16
301 3532 408 3599 propter
426 3527 558 3582 iniuriam
577 3547 626 3584 om.
646 3530 677 3583 Ε
688 3531 697 3598 11
712 3535 744 3582 17
765 3532 856 3583 totum
874 3529 937 3583 laet.
956 3544 969 3580 s

991 3685 1070 3751 Λ
