2538 3942
475 228 591 284 AGRIC.
607 229 646 283 VI
660 235 728 284 7-9

363 427 422 493 DE
447 426 665 494 TONSVRIS
689 427 840 495 OVIVM.

163 551 259 618 Locis
288 553 477 637 temperatis
505 574 590 618 nune
618 553 730 617 ouium
753 550 945 616 celebranda
967 556 1038 616 ton·
1076 548 1160 618 VIII

95 664 175 707 sura
203 646 261 706 est.
308 643 363 706 sed
392 646 504 706 tonsas
533 662 611 706 oues
638 641 701 706 hoe
728 639 870 726 unguine
902 641 1107 705 medicemur.

94 752 211 796 sucum
239 731 365 796 deoooti
392 729 512 815 lupini,
539 729 625 795 feces
649 730 719 793 uini
741 727 861 793 ueteris
885 732 918 793 et
941 751 1107 794 amurcam

67 820 170 905 spari
198 840 350 884 mensura
376 819 526 884 miscebis
551 823 584 884 et
606 817 642 882 iu
664 840 764 883 unum
788 838 904 901 eorpus
928 818 1038 882 omnia
1060 839 1107 881 re·

93 911 194 974 decta
217 908 346 973 curabis
370 908 521 972 adlinere.
556 912 633 992 post
656 907 802 971 triduum
824 906 947 990 deinde,
970 907 999 971 si
1018 927 1106 972 mare
1130 906 1151 970 2

92 997 242 1062 uicinum
266 1001 329 1079 est,
357 996 448 1061 litori
475 1001 666 1082 mergantur
689 998 846 1060 extremo:
876 996 903 1060 si
931 995 965 1060 in
992 995 1107 1060 mediis

93 1085 194 1173 terris
226 1086 405 1169 pascimus,
437 1107 521 1169 aqua
554 1084 703 1150 caelestis
737 1106 810 1149 oum
843 1083 910 1148 sale
939 1083 1109 1168 paululum

93 1177 232 1240 decocta
263 1175 323 1239 sub
356 1174 432 1239 diuo
465 1174 596 1240 debebit
627 1194 781 1257 pecorum
813 1176 910 1237 tonsa
946 1176 978 1236 et
1011 1177 1109 1236 unota

55 1264 246 1332 1umembra
269 1263 400 1328 diluere.
438 1263 500 1328 hoo
524 1263 610 1327 enim
634 1263 730 1326 modo
753 1264 901 1327 curatum
920 1283 1017 1346 pecus
1036 1264 1108 1325 toto

95 1374 184 1418 anno
219 1374 278 1417 nee
316 1352 467 1417 scabrum
503 1351 574 1416 fieri
611 1349 731 1415 dieitur
768 1354 801 1414 et
837 1348 979 1434 prolixas
1016 1350 1108 1414 lanas

94 1463 208 1507 creare
231 1441 336 1505 fertur
361 1462 397 1505 ae
421 1440 546 1506 molles.
982 1455 983 1458 ’

366 1670 426 1737 DE
451 1668 590 1737 cnseo
615 1667 850 1736 FACIENDO.

166 1797 239 1862 Hoo
258 1817 368 1860 mense
388 1817 515 1861 caseum
536 1795 780 1880 eoagulabimus
799 1795 924 1860 sineere
943 1795 1027 1858 laete
1066 1789 1164 1858 VIIII

57 1916 81 1955 15
98 1885 246 1971 coagulis
275 1884 327 1949 uel
351 1885 427 1970 agni
451 1885 504 1948 uel
525 1884 621 1949 haedi
643 1884 696 1948 uel
720 1882 884 1967 pellicula,
913 1905 995 1967 quae
1024 1882 1110 1946 solet

98 1975 265 2060 pullorum
283 1975 455 2038 uentribus
474 1973 658 2058 adhaerere,
674 1973 727 2038 uel
745 1971 884 2058 agrestis
900 1971 1010 2036 cardui
1025 1971 1111 2035 flori·

98 2065 162 2129 bus
188 2062 242 2128 uel
272 2063 357 2127 laete
381 2062 515 2146 fienlno,
543 2063 595 2126 oui
618 2083 726 2127 serum
749 2061 846 2126 debet
870 2060 1110 2141 omne-deduci,

98 2157 138 2218 ut
162 2155 196 2216 et
217 2150 414 2235 ponderibus
434 2154 597 2235 urgeatur.
635 2149 692 2214 ubi
711 2149 844 2214 solidari
864 2149 1016 2232 eoeperit,
1038 2146 1110 2213 loeo

100 2262 204 2326 opaoo
227 2243 369 2324 ponatur
393 2244 450 2303 aut
473 2239 593 2324 frigido
618 2244 651 2304 et
670 2261 801 2322 pressus
821 2237 956 2302 subinde
975 2235 1110 2301 adiectis

58 2360 85 2398 ²⁰
100 2351 161 2482 pli
186 2328 356 2482 alatilia
372 2324 1110 2481 {llltttlllllll{ltltlllfllll

100 2439 178 2592 boib
206 2505 333 2590 aliquot
357 2437 438 2570 gie}
458 2504 615 2570 solidatae
642 2506 708 2569 iam
737 2504 895 2569 formulae
921 2527 979 2588 per
998 2438 1157 2567 iratesa

100 2598 150 2660 ita
178 2598 378 2677 statuantur,
405 2616 445 2658 ne
474 2595 615 2660 inuicem
638 2616 672 2659 se
696 2615 907 2678 unaquaeque
932 2593 1112 2677 contingat.

101 2686 146 2750 sit
175 2687 284 2748 autem
308 2683 380 2748 loeo
404 2683 514 2747 clauso
539 2688 571 2746 et
595 2705 614 2746 a
636 2681 744 2747 uentis
767 2686 908 2766 remoto,
936 2687 974 2746 ut
997 2681 1112 2746 teneri-

173 2881 189 2928 2
209 2874 379 2929 celebranda
402 2878 445 2929 est
467 2877 583 2928 tonsura
602 2875 642 2943 Ε,
667 2876 710 2928 est
728 2873 821 2928 obad
843 2876 853 2944 ΙΙ
876 2879 892 2926 3
915 2888 982 2926 oues
1002 2887 1085 2939 emp
1105 2871 1109 2942 Ι

99 2946 271 3001 medicemus
295 2946 402 3017 Liacp
428 2948 438 3016 ΙΙ
464 2953 481 2999 4
506 2949 709 2999 et—mensura
736 2962 785 2999 om.
812 2944 862 3014 (ἔρ
886 2945 890 3014 Ι
916 2958 1029 2996 amaroa
1052 2942 1082 2995 E
1102 2942 1112 3014 ll

100 3026 116 3072 6
142 3017 262 3072 adlinire
286 3018 443 3088 ETe'aeps
471 3019 480 3087 ΙΙ
507 3022 523 3071 8
550 3016 692 3086 pascimur
717 3017 743 3072 G
772 3018 776 3086 l
806 3013 922 3070 coelesti
940 3031 963 3082 p
989 3017 998 3082 ΙΙ
1026 3019 1042 3068 9
1066 3012 1112 3067 dio

99 3106 179 3160 ωερε
204 3090 208 3159 l
233 3091 379 3142 tonsorum
397 3089 424 3142 V
446 3088 449 3158 l
475 3090 504 3142 et
527 3105 577 3142 om.
592 3089 623 3141 E
647 3091 650 3158 Ι
679 3090 750 3141 unta
768 3087 807 3156 L,
832 3086 934 3139 cuneta
951 3084 993 3154 E,
1018 3083 1113 3139 ouium

98 3165 199 3216 tonsor
217 3161 302 3213 uncta
317 3177 339 3228 p
352 3162 361 3229 ΙΙ
377 3165 410 3213 10
430 3159 516 3212 etiam
531 3175 584 3227 pro
603 3158 677 3212 enim
691 3159 741 3229 El!
757 3165 788 3212 11
808 3155 923 3226 prolixis
938 3157 990 3226 ΕΙΙ
1005 3162 1038 3210 14
1057 3173 1112 3224 quo

99 3229 280 3302 agulauimus
308 3231 346 3300 P,
376 3229 592 3300 quagulauimus
620 3230 698 3298 LF,
726 3245 784 3296 qua
811 3226 1023 3296 coagulabimus
1052 3227 1076 3296 Q
1103 3227 1106 3296 l

101 3310 135 3358 15
159 3300 291 3372 quaguh's
315 3301 527 3372 PLQSTEG
552 3303 555 3370 l
580 3301 626 3355 uel
651 3300 739 3354 lieula
764 3299 789 3354 G
815 3301 825 3368 ΙΙ
853 3304 885 3350 17
908 3297 1027 3352 ficulneo
1050 3299 1082 3352 E

99 3392 155 3446 ops
174 3377 184 3443 ll
208 3377 241 3426 18
261 3372 354 3442 coepit
372 3374 429 3427 PL
437 3373 470 3442 G,
490 3372 565 3443 oepit
583 3372 614 3425 F
629 3375 638 3441 ΙΙ
661 3378 695 3425 20
714 3369 931 3443 prohaoquisita¹
944 3370 980 3438 L,
997 3385 1048 3439 pro
1068 3385 1113 3422 ao-

99 3445 208 3516 quisita
236 3444 299 3513 VF,
328 3443 523 3514 proaqquisita
548 3443 586 3512 G,
613 3460 663 3512 pro
686 3440 863 3510 ,acquirenda
890 3458 926 3511 ep
959 3443 963 3510 Ι
999 3441 1113 3492 auctore

98 3518 177 3599 facto
201 3516 240 3641 Il
257 3517 267 3585 ll
295 3521 327 3568 22
353 3514 462 3584 aliquos
485 3515 610 3585 PLQV
630 3516 653 3585 (s
676 3515 708 3568 ta
730 3517 841 3581 rasura)
864 3511 984 3567 saffo
1014 3513 1017 3580 Ι
1048 3509 1114 3562 soli-
