2556 3942
161 215 205 280 30
584 214 753 269 PALLADH

162 361 264 427 erista
299 361 447 445 produci:
483 383 561 425 nam
596 361 768 445 patiuntur
799 362 974 447 languores
1012 362 1176 428 infantum

161 450 390 534 similitudine,
427 472 501 515 cum
537 450 603 514 illis
636 453 799 515 tumentes
832 449 983 538 gingiuae
1019 452 1176 518 denticuli

161 538 287 623 aperire
309 539 470 604 nituntur.

517 679 577 745 DE
602 677 820 746 FASIANIS.

106 805 270 873 XXVIIII
338 805 377 869 In
400 805 535 870 fasianis
558 803 740 869 nutriendis
758 804 821 870 hoc
841 806 1035 870 seruandum
1055 811 1117 893 est,
1139 814 1178 873 ut
1206 835 1219 875 s

161 894 285 960 nouelli
313 894 354 959 ad
378 893 533 959 creandos
556 893 603 958 fet
590 897 643 958 tus
666 897 837 977 parentur,
863 894 986 977 idest,
1012 896 1178 980 quianno

162 985 329 1070 superiore
357 987 435 1048 sunt
420 982 555 1048 tediti:
583 986 710 1047 ueteres
739 983 826 1047 enim
854 945 986 1048 fecundi
1012 1005 1082 1048 esse
1110 1007 1179 1050 non

162 1077 310 1158 possunt.
363 1073 477 1136 ineunt
513 1069 651 1136 feminas
689 1093 799 1136 mense
832 1071 952 1136 martio
985 1072 1037 1137 uel
1071 1075 1179 1158 aprili

163 1163 289 1228 duabus
312 1183 397 1226 unus
420 1159 584 1225 masculus
604 1159 735 1244 suflicit,
759 1159 835 1243 quia
854 1165 979 1226 ceteras
999 1183 1076 1227 aues
1096 1163 1178 1228 sala·

164 1253 265 1316 citate
297 1273 364 1316 non
396 1253 523 1334 aequat.
573 1249 714 1314 semel
705 1271 740 1313 ιιι
772 1271 856 1314 anno
889 1248 977 1314 fetus
1010 1251 1177 1316 creabunt.
1194 1281 1220 1318 10

119 1340 286 1426 2uiginti
314 1339 381 1404 fere
410 1339 482 1403 ouis
509 1337 656 1438 pariendi
679 1338 758 1402 ordo
782 1337 946 1403 concludit
932 1342 994 1403 tur.
1036 1340 1179 1424 gallinae

163 1430 218 1494 his
240 1428 357 1493 melius
376 1427 587 1514 incubabunt,
610 1425 713 1490 itat
675 1432 713 1490 ut
733 1427 917 1528 quindecim
935 1426 1096 1493 fasianina
1115 1450 1180 1494 oua

163 1519 276 1584 nutrix
298 1537 363 1581 una
386 1515 566 1600 cooperiat.
590 1519 697 1580 cetera
720 1515 771 1579 sui
794 1515 922 1601 generis
942 1517 1179 1600 subponuntur.

162 1607 439 1691 msubponendo
462 1605 501 1668 de
524 1604 603 1668 luna
626 1609 659 1669 et
683 1603 809 1688 diebus,
837 1625 920 1688 quae
944 1606 1079 1670 suntin
1102 1607 1178 1672 aliis

162 1630 263 1779 dnlcta,
295 1716 471 1760 seruemus.
516 1691 701 1758 tricesimus
734 1693 802 1757 dies
830 1697 899 1758 mat
900 1715 976 1758 uros
1004 1695 1114 1779 pullos
1141 1697 1178 1761 in
1193 1726 1220 1765 15

158 1747 269 1850 lumeri
296 1784 436 1848 emittet
482 1781 538 1846 sed
565 1803 624 1865 per
651 1782 836 1864 quindecim
863 1782 931 1846 dies
960 1783 1105 1849 discocto
1134 1807 1175 1852 ac
1269 1783 1270 1792 ’

157 1874 352 1960 refrigerato
385 1870 502 1936 leuiter
533 1870 648 1935 hordei
680 1869 765 1936 farre
796 1875 985 1955 pascentur,
1018 1873 1070 1937 cui
1102 1873 1174 1939 uini

159 1964 264 2029 imber
288 1961 481 2046 aspergitur.
517 1962 631 2045 postt
632 1959 764 2024 riticum
785 1959 869 2024 fract
855 1965 926 2024 tum
944 1961 1174 2045 praebebiset

158 2054 265 2118 locust
267 2073 301 2116 as
322 2054 355 2115 et
375 2071 437 2115 oua
455 2047 619 2114 formicae
656 2069 733 2113 sane
753 2049 794 2112 ab
814 2070 917 2132 aquae
935 2049 1175 2151 prohibeantur

114 2143 135 2207 3
159 2163 305 2225 accessu,
332 2161 373 2204 ne
402 2160 457 2203 eos
483 2138 604 2221 pituita
628 2137 806 2202 concludat.
854 2138 990 2221 quod
964 2161 992 2203 sr
1015 2139 1174 2224 pituitam
1190 2171 1220 2209 20

158 2231 326 2315 patientur
352 2227 486 2310 fasiani,
515 2225 591 2290 allio
620 2247 693 2291 cum
716 2226 787 2311 pice
810 2226 935 2310 liquida
957 2228 1039 2293 trito
1063 2236 1176 2295 rostra

157 2341 270 2384 eorum
296 2317 428 2382 debebis
457 2314 610 2380 adsiduus
637 2315 813 2398 perfricare
841 2316 894 2380 uel
921 2317 1055 2402 uitium,
1083 2318 1174 2384 sicut

113 2407 291 2494 4gallinis
315 2405 386 2470 fieri
409 2404 591 2485 consueuit,
615 2402 750 2467 auferre.
786 2405 958 2488 saginandi
980 2405 1061 2471 haec
1084 2409 1175 2473 ratio
1267 2423 1268 2432 ’

158 2501 222 2580 est,
245 2500 283 2561 ut
305 2493 401 2559 unius
425 2493 526 2557 modii
549 2492 680 2557 triticea
702 2491 809 2557 farina
831 2494 866 2557 ιιι
889 2494 1100 2560 breuissimas
1123 2497 1175 2560 of·

157 2586 242 2650 fulas
271 2585 402 2648 redacta
429 2583 538 2647 clauso
568 2580 695 2646 fasiano
723 2602 781 2666 per
807 2582 946 2667 triginta
979 2582 1047 2648 dies
1076 2585 1175 2650 mini·
1191 2615 1221 2654 ns

157 2678 263 2739 strata
291 2671 447 2737 sufficiat:
473 2669 527 2734 uel
554 2671 582 2734 si
605 2670 818 2735 hordeaceam
846 2671 986 2735 farinam
1013 2675 1174 2756 praebere

156 2762 312 2842 uolueris,
345 2759 441 2825 unius
475 2763 508 2823 et
540 2759 685 2824 semissis
717 2760 818 2824 modii
850 2759 957 2824 farina
989 2783 1049 2844 per
1080 2786 1175 2847 prae·

229 2935 374 2990 ldolores
392 2933 454 3003 SE,
473 2933 603 3004 langores
622 2932 689 2988 Εια
718 2935 722 3004 Ι
751 2933 904 2988 infantium
923 2935 958 3003 F,
983 2934 1175 2992 similitudine

157 3007 312 3062 infancium
330 3009 382 3078 ΕΙΙ
401 3012 417 3060 8
435 3021 530 3059 mense
549 3021 598 3059 om.
614 3005 645 3057 Ε
661 3006 670 3075 ΙΙ
689 3010 704 3057 9
725 3021 792 3058 aues
810 3023 861 3059 om
878 3005 905 3061 G
920 3008 924 3074 l
941 3006 1100 3075 sagacitate
1119 3010 1150 3063 V
1265 3045 1266 3056 ι

158 3085 192 3134 10
211 3082 335 3147 aequant
353 3079 400 3132 Es
416 3077 444 3147 1“
436 3095 466 3130 ιιι
485 3093 535 3131 om.
550 3075 664 3156 LVFl
681 3078 779 3130 creant
796 3093 873 3148 cepe
886 3079 896 3148 ll
910 3083 942 3130 11
963 3077 1147 3134 concludete'
1172 3011 1176 3154 l

158 3157 191 3204 12
211 3149 322 3204 fasiana
340 3151 371 3204 Ε
396 3153 405 3219 ll
433 3154 467 3201 13
485 3147 581 3200 nutrix
603 3163 660 3200 una
683 3164 733 3228 orn,
749 3148 779 3201 Ε
802 3150 805 3219 l
831 3150 860 3201 et
884 3151 996 3202 caetera
1019 3167 1091 3220 acy,
1116 3151 1162 3222 [et

157 3225 300 3276 caeteras
326 3223 335 3290 ΙΙ
364 3226 397 3274 15
417 3219 593 3273 seruentur
581 3235 674 3288 caepe
696 3217 731 3288 Ι
723 3236 754 3271 ιιι
771 3218 876 3272 lumine
894 3219 991 3273 mittet
1009 3220 1145 3276 LVFia

158 3300 191 3348 16
210 3309 260 3363 per
278 3289 329 3344 ΧΠ
347 3290 438 3344 dies
426 3309 437 3344 a
455 3293 464 3360 ll
484 3295 516 3343 17
556 3292 655 3343 escunt
656 3307 689 3342 ur
707 3290 738 3343 Ε
749 3293 759 3359 ΙΙ
774 3295 806 3343 18
817 3289 907 3371 ‘hiber
924 3291 951 3344 L
967 3294 971 3360 Ι
987 3291 1095 3346 factum
1113 3295 1147 3347 E
1264 3329 1265 3352 ι

157 3372 189 3418 21
210 3312 315 3418 fasiani
332 3362 477 3432 patientur
489 3361 520 3414 Ε
532 3307 588 3428 ιιι
605 3359 716 3414 assidue
736 3361 760 3414 V
775 3361 779 3432 Ι
795 3359 892 3414 uinum
906 3363 937 3416 Ε
949 3364 958 3432 l
973 3367 1006 3416 23
1022 3365 1179 3420 consueuit
1264 3357 1265 3390 ³

156 3436 217 3490 fieri
235 3435 284 3505 ΕΙ
302 3436 352 3487 aut
369 3433 441 3486 ferre
460 3433 499 3500 L,
519 3433 569 3483 aut
586 3430 644 3484 fere
663 3431 709 3502 Vll
723 3437 757 3484 24
775 3431 881 3486 triticei
900 3433 1097 3515 LQVSGE,
1120 3436 1178 3490 tri-

155 3507 207 3561 tici
227 3507 268 3561 Τ1
294 3508 305 3576 ΙΙ
332 3510 365 3558 25
384 3502 660 3556 ministratrices
680 3505 690 3572 ΙΙ
712 3508 746 3556 26
766 3504 817 3556 sub
838 3506 901 3573 (pro
921 3503 955 3574 si)
974 3506 1014 3558 L¹
1037 3509 1046 3575 ΙΙ
1073 3512 1108 3560 27
1129 3525 1177 3562 se-

155 3577 234 3632 missi
252 3579 283 3632 Ε
