2518 3938
481 226 790 284 Aeniorum-4⁷
1074 231 1142 298 263

128 396 210 460 quoe
234 373 350 460 quibus
373 373 555 458 hospitium
576 377 744 458 praestent
768 375 922 461 uirgulta,
950 376 1083 463 docebo,

174 485 255 550 quae
279 463 323 528 sit
347 463 511 547 adoptiuis
535 465 632 529 arbor
655 468 772 529 onusta
797 465 907 530 comis.
1150 468 1194 532 20

128 552 198 640 ipse
221 552 290 638 poli
313 555 430 637 rector,
454 573 518 636 quo
541 553 651 618 lucida
673 554 779 617 sidera
803 558 947 636 currunt,

173 663 238 727 quo
261 642 326 705 fixo
349 644 400 706 est
422 641 529 722 tellus,
553 664 616 726 quo
639 642 713 706 fluit
736 643 823 706 unda
846 642 956 722 muris,

98 753 203 803 scum
226 734 338 814 posset
361 729 482 794 mixtos
505 730 604 796 ramis
627 730 778 796 inducere
802 731 899 797 flores

172 822 207 884 et
229 819 322 883 ucria
343 817 516 904 grauidum
538 819 673 905 pingere
696 819 810 885 fronde
833 842 957 905 nemus,

127 907 281 995 dignatus
303 911 436 973 nostros
459 907 522 973 boc
545 909 702 994 insignire
726 909 865 994 labores,
1083 939 1087 944 ¹
1150 913 1196 979 25

171 1001 324 1062 naturam
346 997 418 1061 fieri
441 997 550 1061 sanxit
574 998 614 1061 ab
639 1001 709 1063 arte
732 1019 861 1063 nouam.

127 1107 194 1150 non
218 1107 316 1173 segne
340 1084 485 1150 officium
507 1089 639 1152 nostrae
663 1108 736 1152 reor
759 1109 830 1152 esse
853 1110 1005 1154 camenae

85 1205 114 1245 ιο
172 1179 230 1240 out
252 1173 360 1259 operis
383 1173 478 1259 parui
501 1175 609 1260 gratis
631 1175 688 1240 fiet
710 1176 814 1260 inops.

128 1264 156 1328 si
179 1262 301 1329 uelocis
326 1285 427 1348 equae
449 1263 545 1349 pigro
569 1264 725 1329 miscetur
748 1264 849 1331 asello
1135 1323 1138 1332 .

172 1352 277 1437 ordor,
300 1356 338 1417 ut
360 1353 394 1417 in
418 1352 562 1417 sterilem
585 1375 637 1418 res
661 1354 756 1418 cudat
778 1357 851 1419 uota
874 1355 1013 1441 gradum
1149 1357 1194 1422 30

127 1441 364 1527 fecundumque
387 1462 490 1527 genus
513 1443 691 1526 productus
716 1442 822 1509 deleat
844 1444 940 1510 heres

82 1515 87 1536 ⁴
172 1535 206 1596 et
229 1530 293 1595 sibi
316 1529 478 1596 defectum
502 1532 596 1615 copis
618 1532 721 1615 prolis
745 1538 836 1618 agot:

85 1648 113 1690 15
128 1641 185 1686 cur
207 1641 275 1684 non
297 1619 394 1684 arbor
416 1618 511 1703 inops
534 1620 727 1706 pinguescat
750 1623 791 1686 ab
814 1622 946 1707 hospite
970 1646 1102 1711 gemme

172 1713 206 1773 et
229 1708 326 1774 decus
349 1709 474 1773 externi
496 1709 586 1774 floris
610 1710 727 1793 adepta
750 1711 872 1777 micet?

126 1797 292 1882 incipiam,
315 1797 469 1882 quicquid
492 1802 618 1863 ueteres
643 1799 801 1884 scripsere
826 1801 942 1886 coloni,
1148 1803 1193 1869 35

82 1969 84 1974 Δ
172 1907 328 1970 sacraque
350 1887 533 1970 priscorum
556 1889 659 1952 uerbo
681 1888 793 1954 labore
816 1910 942 1974 sequar.

126 1976 287 2063 principio
313 1977 434 2040 multas
457 1977 580 2060 speeies
603 1975 765 2042 industrio
788 1978 902 2044 sollers

83 2095 112 2136 20
170 2063 311 2150 protulit
334 2068 367 2129 et
390 2064 520 2130 doctam
543 2064 641 2130 iussit
663 2066 746 2131 inire
769 2089 912 2133 manum.

127 2177 204 2220 nom
226 2148 448 2239 quaecumque
470 2154 580 2218 uirens
604 2155 718 2219 alienis
741 2155 911 2221 frondibus
935 2159 1031 2225 arbos

173 2243 323 2327 comitur,
345 2241 398 2308 his
422 2243 519 2308 discit
542 2243 665 2308 creditu
687 2243 771 2309 ferre
794 2246 909 2311 modis.
1148 2248 1194 2313 40

127 2336 184 2397 cut
205 2353 293 2398 noua
315 2331 455 2398 discreto
479 2332 626 2418 figuntur
648 2333 796 2418 germine
818 2334 904 2399 libro

172 2425 230 2486 aut
253 2420 340 2486 aliud
365 2426 498 2486 sumunt
521 2422 640 2486 robora
663 2423 741 2487 fisse
764 2426 862 2508 ceput

83 2540 112 2582 25
126 2514 185 2576 aut
207 2510 328 2575 uirides
353 2512 465 2576 oculos
489 2511 614 2575 externi
637 2511 766 2596 genimo
789 2513 928 2579 tumoris

172 2599 291 2684 occipit
314 2604 347 2664 et
369 2599 459 2664 lento
484 2598 660 2684 stringitur
683 2601 747 2665 uda
770 2601 852 2667 sinu.

536 2831 596 2897 DE
619 2831 735 2898 VITE.

170 2954 302 3021 Primus
326 2956 466 3022 echionii
488 2956 613 3040 palmes
637 2958 827 3045 seiungere
851 2957 973 3024 Bacchi
1148 2959 1193 3024 45

215 3046 311 3111 nouit
333 3050 367 3111 et
390 3049 523 3110 externo
547 3046 691 3111 tenditur
714 3069 779 3112 uuo
801 3069 901 3112 mero.

83 3161 112 3202 eo
170 3133 334 3200 nexilibus
357 3135 494 3222 gemmis
517 3135 671 3200 fecundos
694 3134 831 3220 inplicet
854 3140 946 3201 ortus

198 3315 214 3364 2
233 3309 356 3364 honusta
370 3310 438 3364 BH
456 3311 466 3380 ΙΙ
489 3315 506 3363 6
524 3308 605 3380 fruge
618 3309 649 3364 D
671 3311 680 3381 ΙΙ
703 3316 736 3364 21
756 3311 830 3365 huuc
846 3311 874 3367 A
888 3314 897 3383 ΙΙ
911 3318 944 3366 22
967 3311 1140 3439 οτθᾱὶῡθΑμ

124 3387 160 3438 23
180 3381 325 3453 finguntur
342 3382 405 3437 AD
418 3383 428 3452 fl
442 3387 476 3463 24
496 3397 603 3436 summo
621 3382 722 3436 robore
741 3382 896 3465 BQiocqs
932 3384 988 3437 fixa
1005 3383 1042 3453 A,
1061 3383 1125 3454 copi

123 3453 293 3524 BOs'oops,
317 3453 382 3507 fissa
406 3454 482 3523 cupit
498 3453 529 3508 D
547 3454 580 3507 io
601 3469 656 3508 ras.
677 3453 885 3578 J1r25u1r1de1s
939 3457 1034 3526 inops
1059 3454 1063 3527 Ι
1093 3471 1140 3510 ex-

122 3523 209 3580 tremi
227 3543 246 3580 o
268 3527 272 3596 Ι
296 3527 419 3579 tumores
437 3524 465 3580 A
485 3526 494 3594 ΙΙ
517 3530 550 3578 27
570 3523 618 3577 ΒΕ
636 3524 676 3579 VI
700 3524 767 3580 Eet
785 3533 881 3582 ceteros
899 3527 994 3583 titulos
1011 3542 1062 3582 om.
1075 3543 1112 3597 ys
1129 3525 1141 3598 ΙΙ

124 3601 161 3653 28
180 3594 316 3665 echionijs
335 3597 364 3650 D
380 3598 385 3668 Ι
400 3595 496 3666 iugero
515 3596 545 3650 D
561 3599 565 3668 Ι
580 3595 666 3650 bachi
683 3596 751 3652 ΑΗ
