2538 3942
195 216 259 281 172
615 215 783 268 PALLADII

149 363 356 446 2sinamus,
387 362 466 447 quia
496 361 600 425 fertur
633 361 695 425 hoc
726 383 816 425 more
848 362 1066 445 grandescere.
1113 385 1189 427 nunc

194 453 296 516 etiam
318 473 430 516 mense
452 456 619 535 postremo
641 450 723 515 locis
746 451 917 514 maritimis
941 456 974 515 et
992 451 1189 515 calidioribus

194 563 232 605 ac
252 541 348 604 siccis
368 541 473 604 tritici
491 540 607 604 messis
626 539 813 603 absciditur.
849 561 947 622 quam
965 545 1112 623 paratam
1130 562 1189 603 esse

194 630 380 714 cognoscis,
413 629 441 693 si
471 628 651 713 aequaliter
679 629 842 711 spicarum
868 627 1008 712 populus
1036 633 1189 693 maturato

193 719 314 783 rubore
346 718 513 783 flauescat.
558 739 635 801 pars
668 714 847 781 Galliarum
877 716 1004 800 planior
1035 717 1098 782 hoc
1127 739 1218 782 oon-s

193 807 311 892 pendio
334 808 442 871 utitur
465 807 504 870 ad
526 806 710 870 metendum
729 810 763 870 et
780 810 907 890 praeter
924 805 1095 870 bominum
1112 806 1191 870 labo-

192 918 246 961 res
269 897 366 960 nnius
388 896 484 960 bouis
509 917 608 979 opera
629 895 772 978 spatium
795 894 896 959 totius
916 895 1031 958 messis
1050 894 1190 958 absumit

192 986 232 1049 fit
245 987 357 1069 itaque
371 983 567 1066 uehiculum,
585 983 673 1067 quod
687 983 811 1048 duabus
825 982 907 1048 rotis
921 983 1075 1048 breuibus
1090 982 1191 1047 fertur.

149 1075 170 1140 3
192 1073 290 1138 buius
310 1074 470 1157 quadrata
488 1072 673 1157 superficies
693 1073 814 1137 tabulis
832 1072 986 1155 munitur,
1004 1093 1086 1155 quac
1100 1071 1191 1136 forin-

193 1184 286 1227 secus
310 1162 447 1226 reclines
468 1162 505 1225 in
527 1182 654 1226 summo
677 1162 814 1226 reddant
836 1161 943 1244 spatia
968 1160 1118 1246 largiora.
1154 1160 1191 1224 ab
1203 1187 1221 1224 1⁰

193 1252 263 1315 eius
291 1252 401 1315 fronte
428 1251 576 1334 carpenti
604 1250 734 1314 breuior
761 1255 811 1315 est
838 1249 976 1314 altitudo
1005 1249 1191 1313 tabularum.

192 1340 240 1403 ibi
267 1339 424 1404 denticuli
452 1339 585 1422 plurimi
613 1361 651 1403 ac
678 1339 744 1403 rari
767 1341 807 1404 ad
831 1339 992 1422 spicarum
1016 1359 1193 1402 mensuram

193 1428 437 1493 constituuntur
456 1430 490 1492 in
510 1427 631 1510 ordine,
650 1427 690 1493 ad
709 1427 908 1512 superiorem
923 1431 1050 1512 partem
1065 1426 1193 1492 recurui.

193 1538 213 1579 a
231 1520 327 1601 tergo
346 1538 424 1581 uero
444 1517 588 1582 eiusdem
607 1517 750 1581 uehiculi
768 1517 831 1580 duo
850 1514 1035 1581 breuissimi
1053 1520 1193 1579 temones

191 1604 376 1688 figurantur
402 1606 494 1670 uelut
523 1606 640 1670 amites
664 1607 898 1670 basternarum.
941 1604 989 1668 ibi
1010 1606 1072 1668 bos
1096 1605 1222 1688 eapiteu

192 1693 227 1755 in
259 1694 445 1758 uehiculum
477 1716 574 1758 uerso
602 1695 680 1779 iugo
708 1699 841 1778 aptatur
868 1699 902 1758 et
927 1693 1082 1777 uinculis,
1115 1715 1194 1757 man·

147 1783 170 1846 4
194 1785 306 1846 suetus
330 1805 417 1865 sane,
441 1783 497 1865 qui
515 1805 582 1848 non
599 1783 732 1847 modum
751 1781 952 1868 conpulsoris
971 1782 1113 1846 excedat.
1148 1781 1194 1845 hic

192 1869 250 1933 ubi
268 1870 454 1936 uehiculum
473 1893 531 1954 per
550 1894 673 1936 messes
688 1871 795 1955 coepit
808 1871 972 1956 inpellere,
991 1871 1096 1934 omnis
1114 1871 1195 1954 spica

192 1959 227 2022 in
256 1964 445 2043 carpentum
474 1960 648 2024 denticulis
682 1961 902 2044 conprehensa
934 1960 1117 2024 cumulatur
1149 1960 1194 2022 ab·

193 2047 299 2130 ruptis
329 2071 366 2113 ac
395 2048 519 2112 relictis
547 2048 649 2132 paleis
677 2049 884 2114 altitudinem
906 2048 958 2112 uel
980 2047 1224 2112 humilitatemu

192 2135 383 2220 plerumque
410 2137 552 2201 bubulco
581 2139 782 2221 moderante,
811 2139 868 2221 qui
897 2137 1052 2221 sequitur.
1098 2137 1195 2200 etita

192 2246 394 2308 perpaucos
417 2225 484 2290 itus
508 2248 546 2290 ac
569 2226 693 2290 reditus
717 2226 809 2291 breui
830 2225 984 2290 horarum
1002 2225 1111 2309 spatio
1131 2229 1196 2290 tota

192 2313 309 2377 messis
336 2314 488 2397 inpletur.
532 2315 596 2378 boc
623 2314 860 2398 campestribus
883 2315 963 2379 locis
987 2314 1040 2378 uel
1063 2314 1196 2398 aequali-

192 2402 254 2464 bus
287 2401 368 2465 utile
401 2407 451 2466 est
483 2407 517 2467 et
548 2403 618 2486 his,
649 2403 766 2488 quibus
798 2403 979 2468 necessaria
1011 2403 1105 2486 palea
1136 2425 1195 2466 nou

191 2489 339 2554 habetur.
1207 2513 1226 2553 a

264 2680 351 2734 lhoc
369 2698 446 2735 more
465 2683 553 2737 fertur
572 2685 602 2736 E
627 2687 636 2753 ΙΙ
664 2683 804 2738 3mensis
823 2684 885 2738 LV
909 2685 913 2754 Ι
944 2682 1122 2737 abscinditur
1140 2699 1174 2737 aa
1189 2681 1197 2752 ll

191 2755 378 2820 4cognosces
397 2754 491 2824 ineps
516 2755 520 2825 l
543 2755 722 2809 admaturato
741 2756 767 2808 Ε
794 2758 804 2825 ΙΙ
831 2755 964 2808 brobore
983 2754 1026 2807 Li
1052 2756 1062 2824 l
1090 2761 1197 2808 ‘lassu-

190 2821 244 2875 mit
262 2824 293 2876 E
313 2825 322 2892 ΙΙ
345 2828 361 2877 8
385 2823 510 2892 facitque
530 2825 556 2879 V
575 2828 584 2895 ΙΙ
607 2832 623 2879 9
647 2825 838 2894 quadraginta
855 2827 886 2879 E
907 2828 911 2896 Ι
935 2823 1061 2878 munitur
1083 2842 1134 2880 om.
1155 2825 1197 2894 pll

192 2899 225 2946 10
248 2893 366 2948 recliues
390 2895 441 2948 Ea
468 2897 478 2964 ΙΙ
506 2901 538 2949 12
562 2895 692 2950 tenticuli
715 2897 741 2950 V
761 2899 852 2968 (prior
875 2898 996 2950 litterot
1023 2898 1055 2949 iu
1081 2897 1196 2964 rasura),

191 2964 291 3018 dentili
312 2966 338 3020 G
365 2967 374 3034 ll
403 2973 435 3018 13
464 2966 590 3020 ordinem
613 2969 705 3038 iacps
732 2971 741 3037 ΙΙ
769 2975 802 3021 14
825 2968 863 3021 At
886 2983 951 3021 uero
972 2985 994 3036 p
1022 2968 1027 3037 Ι
1056 2967 1196 3020 themones

191 3035 248 3088 PL
258 3036 315 3090 Va
337 3040 346 3106 l}
370 3041 402 3089 15
421 3036 499 3089 uelid
518 3038 559 3104 E,
582 3038 629 3091 uel
647 3042 680 3092 ut
698 3037 801 3092 amitae
821 3056 872 3094 sua
891 3041 1046 3092 stemarum
1065 3038 1104 3106 L,
1124 3037 1197 3091 uelut

192 3104 276 3158 amite
301 3124 352 3159 sua
370 3110 527 3160 sternarum
550 3109 599 3176 V1,
627 3113 822 3163 uasternarum
846 3110 872 3164 G
893 3112 902 3180 ll
925 3116 957 3162 16
985 3108 1126 3164 uehiculis
1150 3123 1198 3178 pro

190 3174 311 3229 uinculis
330 3177 378 3246 ΕΙ
394 3181 556 3232 mansuetos
575 3181 614 3248 L,
633 3180 774 3234 mansueti
792 3181 909 3250 Ε11118
929 3180 995 3233 dum
1010 3197 1063 3249 pro
1082 3179 1133 3233 ubi
1152 3177 1195 3248 El

191 3246 315 3314 coeperit
329 3265 351 3314 p
365 3250 374 3317 ll
389 3254 422 3301 19
445 3248 589 3303 tenticulis
612 3251 639 3303 V
659 3253 751 3320 (prior
774 3253 864 3306 littera
882 3254 895 3306 t
917 3253 949 3305 ia
971 3253 1082 3322 rasura)
1099 3253 1103 3322 Ι
1121 3252 1198 3304 abru-

190 3315 227 3368 tis
249 3316 272 3386 9
299 3319 307 3385 ΙΙ
335 3320 422 3396 20111
443 3319 550 3372 relictis
571 3321 601 3373 Ε
613 3323 622 3390 ΙΙ
636 3327 669 3372 22
694 3321 884 3393 ἰο1111ΕΙΙ23
905 3323 1032 3392 expletur
1050 3323 1088 3391 Ε,
1108 3322 1155 3376 uel
1172 3321 1198 3373 iu

190 3389 347 3455 8212111124
366 3404 401 3440 rrs
420 3406 496 3459 arpa
