2556 3942
180 203 223 266 14
601 205 770 259 PALLADII

180 348 225 413 sit
247 350 321 414 loco
345 350 551 434 aliquatenus
575 352 731 416 erectiore
756 355 790 416 et
814 351 946 415 sicciore
966 373 1064 436 quam
1083 355 1190 416 cetera

178 443 313 522 propter
339 438 494 503 iniuriam
521 439 807 506 fundamentorum
835 445 869 504 et
892 446 930 504 ut
952 440 1039 504 laeto
1063 439 1193 506 fruetur

178 531 322 610 aspectu.
363 527 573 593 fundamenta
597 534 706 592 autem
728 529 790 593 hoc
814 529 910 593 modo
934 529 1082 612 ponenda
1105 535 1191 614 sunt,

178 618 216 680 ut
247 616 368 682 latiora
400 618 467 681 sint
499 639 538 682 ex
570 621 707 702 utraque
740 622 833 702 parte
866 618 1038 702 semipedis
1072 618 1191 702 spatio,

180 727 278 787 quam
301 705 436 790 parietis
460 727 577 791 corpus
601 708 767 771 increscet.
806 706 834 770 si
852 707 936 790 lapis
955 706 1008 772 uel
1027 706 1117 771 tofus
1137 729 1191 773 oc·
1220 731 1232 772 a

178 799 297 878 currat,
320 794 426 859 facilis
451 817 549 860 causa
569 800 619 860 est
638 796 836 876 conlocandi,
860 795 895 860 in
914 817 978 879 quo
998 796 1102 880 sculpi
1121 799 1192 860 tan-

178 886 248 946 tum
271 883 475 949 fundamenti
497 883 604 949 forma
622 884 762 967 debebit,
785 884 881 948 unius
906 885 997 968 pedis
1017 884 1192 949 altitudine

177 971 230 1035 uel
253 973 399 1038 duorum.
438 974 466 1036 si
488 974 592 1037 solida
611 978 645 1037 et
664 973 842 1038 constricte
860 973 1044 1037 inuenietur
1063 974 1192 1059 argilla,

178 1060 294 1144 quinta
317 1061 369 1125 uel
394 1065 484 1126 sexta
508 1083 583 1146 pars
603 1061 786 1126 altitudinis
806 1062 885 1145 eius,
908 1083 991 1146 quae
1010 1083 1109 1146 supra
1128 1066 1191 1127 ter-

177 1171 248 1213 ram
271 1150 383 1214 future
406 1155 466 1236 est,
488 1150 708 1216 fundamentis
730 1151 911 1234 deputetur.
948 1151 1035 1235 quod
1054 1150 1083 1214 si
1101 1155 1191 1216 terra
1207 1178 1232 1215 ιο

176 1237 283 1302 laxior
296 1239 405 1323 fuerit,
426 1239 522 1304 modo
537 1241 670 1305 maioris
686 1239 869 1304 altitudinis
884 1241 1074 1324 obruantur,
1088 1241 1192 1305 donec

178 1328 298 1392 munda
319 1329 387 1392 sine
407 1328 559 1392 ruderum
578 1329 761 1412 suspicione
782 1334 931 1393 occurrat
952 1327 1082 1414 argilla:
1107 1351 1190 1413 quae

178 1416 207 1479 si
230 1416 362 1480 omnino
387 1417 485 1500 desit,
513 1422 664 1502 quartam
693 1417 844 1482 mersisse
868 1417 1019 1482 sufficiet.
1060 1419 1192 1482 studen-

177 1505 254 1569 dum
276 1511 454 1590 praeterea,
476 1510 513 1570 ut
536 1506 642 1571 hortis
666 1509 699 1570 et
722 1506 877 1590 pomariis
902 1506 990 1591 cingi
1007 1505 1114 1589 possit
1133 1511 1190 1571 aut

132 1595 153 1659 3
177 1594 291 1677 pratis.
329 1595 385 1659 sed
408 1599 499 1659 totus
523 1595 665 1660 fabricae
688 1598 813 1659 tractus
835 1595 931 1660 unius
950 1595 1064 1659 lateris
1084 1595 1229 1681 longi-15

177 1682 303 1767 tudine,
330 1683 452 1768 inquo
476 1683 566 1748 frons
591 1684 666 1767 erit,
695 1684 906 1749 meridianam
935 1688 1062 1768 partem
1088 1685 1190 1769 respi-

177 1772 243 1836 ciat
275 1774 310 1836 in
339 1772 446 1856 primo
475 1773 594 1858 angulo
624 1773 787 1857 excipiens
815 1777 924 1837 ortum
953 1773 1032 1836 solis
1059 1773 1190 1838 hiberni

176 1865 210 1926 et
231 1862 400 1944 paululum
424 1862 464 1925 ab
490 1863 654 1926 occidente
678 1866 848 1926 auertatur
870 1861 1013 1926 hiemali.
1050 1861 1099 1925 ite
1116 1883 1190 1946 pro·

176 1951 296 2030 ueniet,
313 1955 356 2016 nt
378 1973 437 2034 per
459 1950 600 2015 hiemem
621 1951 689 2015 sole
708 1951 903 2016 inlustretur
922 1955 955 2016 et
974 1950 1099 2015 calores
1118 1951 1189 2016 eius

178 2043 302 2104 aestate
325 2061 390 2104 non
415 2041 542 2104 sentiat.
628 2069 631 2077 .
1205 2065 1230 2102 so
1258 2123 1259 2126 Ἴ

212 2252 272 2316 DE
297 2250 511 2317 HIBERNIS
533 2252 590 2316 ET
615 2251 819 2318 Ansmvrs
844 2249 1152 2320 MANSIONIBVS

503 2359 560 2423 ΕΤ
583 2357 867 2426 PAVIMENTIS.

123 2480 226 2548 vrnr
293 2483 414 2547 norma
437 2488 547 2548 tamen
570 2506 640 2549 esse
664 2485 760 2549 rebec
783 2485 951 2569 eiusmodi,
973 2489 1011 2549 uc
1034 2486 1075 2549 au
1097 2486 1190 2549 haer·
1257 2467 1258 2482 ¹

176 2573 335 2637 tationem
363 2572 508 2636 breuiter
536 2574 689 2638 collectas
717 2578 750 2638 et
774 2575 891 2637 aestati
915 2578 948 2638 et
969 2573 1071 2638 hiemi
1094 2596 1189 2657 prae-

175 2661 253 2725 beat
280 2661 474 2727 mansiones.
520 2683 601 2745 quae
632 2663 732 2726 hiemi
759 2665 917 2746 parantur
944 2663 991 2727 ita
1020 2663 1087 2727 sint
1114 2685 1189 2728 con·
1206 2687 1230 2726 25

248 2844 262 2889 1
284 2836 428 2906 aliquanto
444 2853 466 2904 p
489 2840 497 2906 11
521 2843 536 2889 1
556 2839 585 2890 et
602 2839 716 2906 propter
735 2835 797 2906 SE,
816 2837 870 2918 [et]
888 2839 1003 2906 propter
1020 2855 1056 2908 cp
1079 2839 1083 2906 1
1107 2841 1141 2892 ut
1159 2843 1191 2892 et

180 2909 236 2963 VG
249 2911 258 2978 11
273 2914 289 2962 5
307 2906 424 2989 perietis
443 2906 557 2977 insuper
576 2908 702 2962 struendi
721 2926 751 2976 a,
770 2911 887 2977 panetrs
907 2907 1033 2978 [insuper
1048 2909 1191 2982 struendi]

172 2982 382 3050 cpe,par1etes
401 2979 523 3047 ponendi
542 2981 614 3033 aunt.
644 2979 710 3048 Sip
739 2982 743 3048 1
772 2979 911 3033 increscat
929 2980 960 3033 Ε
983 2983 987 3048 1
1012 2979 1112 3049 thophi
1132 2981 1163 3034 E
1181 2983 1190 3053 11

178 3055 192 3102 7
212 3050 328 3104 debebis
349 3050 546 3120 1111118111
565 3050 588 3103 si
607 3052 649 3118 iu,
669 3049 729 3122 [Et]
749 3049 772 3104 si
791 3068 844 3120 ops
860 3051 863 3121 1
879 3050 926 3105 uel
945 3053 1046 3106 constr.
1066 3052 1163 3122 iacys
1184 3053 1188 3123 1
1255 3057 1256 3090 l

176 3121 337 3175 inueniatur
355 3123 411 3177 SE
432 3125 441 3191 11
468 3128 483 3174 9
523 3123 613 3175 etram
631 3122 662 3175 Ε
682 3125 691 3191 11
719 3128 751 3174 11
770 3121 959 3190 suspicatione
977 3123 1008 3176 Ε
1029 3125 1038 3192 11
1067 3128 1099 3176 17
1118 3122 1191 3176 solis

174 3193 286 3246 hortum
304 3193 431 3262 1,*11118
449 3209 487 3262 pa
518 3193 594 3246 olum
607 3193 648 3246 Ε1
663 3193 721 3316 &ab
741 3192 888 3246 occidente
902 3194 933 3247 Ε
945 3197 954 3263 11
969 3200 1002 3247 10
1021 3195 1103 3248 nocte
1122 3198 1191 3262 (pro

176 3265 294 3332 aestate)
318 3281 340 3332 p
371 3266 379 3332 11
412 3270 444 3317 11
473 3263 636 3317 HIBERNO
688 3263 710 3316 Τ
740 3263 854 3317 sTA'rn
883 3265 931 3334 ΕΙ,
959 3265 1112 3318 ΗΙΒΕΕΝΙ
1140 3265 1209 3320 ET»

174 3333 304 3388 ESTATI
314 3334 354 3386 L²
367 3337 377 3403 11
391 3341 424 3387 11
433 3333 656 3388 PAUIMENTIS
666 3334 713 3388 ET
724 3334 971 3390 MANSlONIBUS
984 3336 1010 3390 G
1024 3339 1032 3406 11
1047 3336 1191 3390 1311111111-

175 3405 252 3459 modi
271 3397 692 3474 L1124ste1tihL1125quiee
714 3407 737 3476 Q

247 3567 270 3635 *1
289 3566 333 3620 De
352 3566 440 3618 codiee
458 3565 485 3617 L
503 3566 564 3619 cide
578 3509 788 3632 praeibiiobom.
