2556 3942
516 216 633 272 AGRIO.
649 218 662 270 I
677 223 692 271 6
1087 217 1107 281 9

97 317 106 340 Ι

93 363 179 428 mala
207 384 308 446 aeque
336 367 469 446 nocent,
498 362 670 445 sterilitas,
698 363 846 446 morbus,
873 363 1011 429 uicinus.
1053 363 1109 447 qui
1143 365 1163 427 'l

92 458 214 516 terram
244 451 389 516 sterilem
417 452 522 516 uineis
551 455 701 535 occupat,
731 455 763 517 et
790 451 959 516 laboribus
984 452 1051 517 suis
1076 457 1109 517 et

92 540 278 624 sumptibus
303 544 353 605 est
376 539 538 606 inimicus.
580 540 685 625 campi
709 540 834 625 largius
858 541 984 625 uinum,
1009 542 1108 606 eolles

90 630 236 695 nobilius
265 629 383 694 ferunt.
429 630 540 713 aquilo
568 629 652 692 uites
682 629 745 693 sibi
774 630 918 694 obiectas
946 630 1109 716 fecundat,

66 722 204 786 aauster
229 719 393 783 nobilitat.
439 719 488 782 ita
514 719 549 782 in
577 717 714 782 arbitrio
739 721 804 802 est,
832 718 906 802 plus
929 719 1108 784 habeamus

90 831 133 872 an
152 807 279 871 melius.
310 807 488 872 necessitas
507 807 597 872 feriis
617 810 714 871 earet.
748 805 897 892 quamuis
916 809 1108 891 temperatis

90 896 182 983 agris
203 896 373 960 serendum
393 896 446 981 sit,
464 902 574 960 tamen
593 895 621 959 si
641 896 771 960 siccitas
790 897 889 981 longa
906 900 965 975 eat,
985 896 1110 960 semina

90 989 206 1052 oocata
232 985 338 1049 tutius
366 985 401 1049 in
430 984 517 1070 agris
547 1007 644 1070 quam
672 985 706 1048 in
730 985 857 1050 horreis
881 987 1110 1050 seruabuntur.

88 1077 165 1140 uiae
193 1074 320 1138 malitia
349 1095 450 1158 aeque
477 1077 510 1139 et
533 1072 713 1156 voluptatis
737 1078 771 1138 et
794 1073 950 1138 utilitatis
974 1075 1110 1138 aduersa

52 1193 75 1230 ιο
90 1168 150 1228 est.
191 1163 247 1246 qui
266 1182 383 1247 agrum
402 1162 488 1244 colit,
512 1183 646 1248 grauem
666 1162 1014 1236 tributisoreditorem
1029 1163 1111 1245 pati·
1144 1165 1165 1228 8

89 1261 154 1336 tur,
177 1251 229 1316 cui
243 1249 312 1315 sine
328 1271 385 1335 spe
400 1251 617 1316 absolutionis
634 1251 812 1316 obstrictus
827 1254 885 1316 ert.
918 1251 974 1335 qui
989 1252 1110 1316 arando

90 1341 230 1407 crudum
264 1340 371 1405 solum
398 1339 483 1404 inter
512 1341 619 1405 sulcos
648 1339 817 1426 relinquit,
851 1341 918 1404 suis
948 1340 1110 1405 fructibus

89 1432 246 1516 derogat,
283 1433 389 1494 terrae
427 1430 613 1494 ubertatem
652 1429 800 1494 infamat.
854 1428 1024 1494 fecundior
1060 1434 1111 1494 est

90 1521 184 1585 culta
203 1517 366 1602 exiguitas
387 1539 485 1602 quam
500 1517 692 1604 magnitudo
707 1518 866 1602 neglecta.
897 1517 1009 1604 nigras
1024 1518 1109 1583 uites
1143 1519 1165 1582 9

52 1636 75 1675 15
89 1608 226 1674 omnino
246 1606 396 1690 repudies
415 1607 479 1671 nisi
497 1607 531 1671 in
550 1607 728 1690 prouinciis
748 1611 782 1670 et
801 1607 870 1671 eius
887 1608 1026 1692 generis,
1045 1629 1110 1691 quo

89 1695 306 1763 acinaticium
325 1696 397 1761 fieri
417 1695 596 1761 consueuit.
628 1694 759 1781 longius
779 1696 1012 1762 adminiculum
1031 1695 1110 1760 uitis

89 1789 295 1852 incrementa
318 1785 478 1868 producit.
519 1789 666 1849 teneram
689 1789 723 1849 et
745 1783 884 1848 uiridem
907 1784 1009 1849 uitem
1032 1785 1111 1848 ferri

88 1877 160 1941 acie
185 1897 226 1938 ne
251 1871 385 1938 recidas.
423 1873 529 1938 omnis
553 1873 697 1938 incisura
721 1873 878 1938 sarmenti
902 1878 1071 1938 auertatur
1093 1896 1111 1937 a

87 1985 231 2050 gemma,
248 1984 290 2026 ne
311 1985 382 2027 eam
403 1961 502 2045 stilla,
522 1984 603 2046 quae
619 1963 718 2028 fluere
734 1963 913 2048 consueuit,
931 1964 1111 2048 extinguat.

50 2076 148 2138 repro
179 2051 284 2116 macie
312 2052 366 2115 uel
394 2051 561 2115 soliditate
589 2049 707 2115 uitium
739 2050 914 2115 nutrienda
946 2055 1111 2115 sarmenta

87 2144 228 2226 putator
261 2139 421 2225 iniungat.
467 2144 555 2204 terra
586 2139 762 2225 profunda,
795 2139 881 2224 quod
911 2137 1027 2204 Graeci
1059 2140 1112 2202 ad-

87 2233 220 2313 serunt,
245 2229 335 2293 oleae
360 2229 499 2314 grandes
524 2229 657 2300 arbores
681 2229 796 2310 efficit,
819 2227 946 2292 fructus
968 2228 1110 2292 minores

86 2326 121 2384 et
145 2321 288 2402 aquatos
313 2339 350 2382 ac
375 2339 464 2382 aeros
485 2318 655 2402 magisque
674 2339 823 2382 amurcae
844 2317 1018 2400 proximos.
1057 2339 1111 2380 aer

86 2411 180 2474 oleas
209 2405 339 2491 tepidus
368 2406 461 2471 iuuat
489 2409 522 2469 et
549 2407 657 2471 uentis
681 2405 900 2470 mediocribus
924 2406 993 2470 sine
1017 2405 1052 2469 ui
1076 2411 1110 2470 et

48 2527 71 2566 a
85 2499 226 2564 horrore
248 2494 438 2580 perflabilis
475 2493 568 2578 uitis,
593 2517 673 2578 quae
698 2495 738 2558 ad
762 2495 876 2580 iugum
896 2495 1028 2576 colitur,
1050 2494 1166 2578 per10

162 2659 178 2706 1
204 2654 271 2705 sunt
303 2667 376 2719 quae
404 2653 468 2720 (pro
497 2653 600 2721 aeque)
624 2653 655 2704 Ε
687 2651 691 2722 Ι
726 2651 767 2704 De
795 2654 871 2706 terra
899 2651 989 2705 sterili
1016 2650 1109 2704 vinea-

85 2743 150 2778 rum
172 2725 225 2777 eto.
246 2723 326 2776 addit
349 2722 388 2776 G³
406 2724 437 2776 iii
456 2725 601 2794 marptaeq
621 2721 793 2777 uiatoribus
814 2723 862 2792 Gl,
886 2722 1023 2776 lateribus
1044 2722 1111 2794 (1111

85 2804 101 2850 3
121 2795 240 2864 iniquus
260 2793 322 2861 SE,
342 2792 433 2847 inicus
452 2794 483 2847 F
503 2797 512 2864 ΙΙ
536 2799 553 2845 4
572 2793 613 2848 De
633 2810 697 2848 aere
717 2797 745 2847 et
764 2792 824 2847 celo
844 2811 917 2861 quae
936 2793 1024 2846 vineis
1044 2809 1110 2846 con·
1173 2845 1176 2853 ,

85 2867 170 2920 venit
189 2868 243 2920 eto.
264 2865 344 2919 addit
364 2864 404 2919 (ΞΒ
422 2866 453 2918 ia
471 2866 595 2935 indeptae
608 2866 617 2934 lt
637 2871 652 2917 5
672 2864 701 2917 in
722 2864 839 2919 arbitrio
858 2867 954 2918 nostro
976 2865 1083 2934 occas
1105 2866 1107 2934 l

85 2943 185 2992 utrum
203 2935 269 3006 plus
287 2953 334 3006 cp,
354 2937 472 3016 [utrum]
491 2936 587 3005 pluss
618 2938 627 3006 ll
660 2935 830 3016 dnobilitaa
850 2936 930 3004 ΕΙΙ8
949 2935 1045 2988 locata
1065 2935 1111 3060 cdl

86 3016 102 3063 9
122 3009 192 3062 uiae
211 3024 261 3062 om.
277 3024 312 3076 p,
332 3009 498 3062 madebant
516 3007 738 3078 VElmahbae
759 3007 794 3076 Q,
819 3006 947 3061 malitiae
969 3022 1058 3074 aeque
1103 3051 1110 3074 ,

85 3078 203 3134 malitia
223 3095 240 3131 a
258 3093 332 3146 quae
350 3078 405 3132 uol.
422 3096 444 3146 p
460 3082 463 3144 Ι
481 3080 509 3132 et
528 3077 671 3148 uoluptati
689 3078 728 3132 8²
746 3096 845 3147 supro,
872 3077 1044 3148 TFGocps
1060 3080 1063 3148 l
1082 3081 1111 3132 et
1162 3109 1166 3116 ·

85 3148 213 3206 utilitati
232 3149 266 3204 S*
284 3166 384 3218 supro,
406 3150 588 3220 TFGocpe‚
610 3152 639 3204 et
658 3149 798 3218 aequitati
817 3149 859 3216 δι,
880 3165 922 3202 om
940 3149 971 3202 Ε
983 3151 991 3218 ΙΙ
1007 3154 1040 3202 10
1059 3148 1111 3202 tri-

85 3221 152 3277 buti
175 3222 201 3276 G·
221 3221 230 3289 ΙΙ
250 3226 281 3273 11
303 3224 346 3274 est
365 3221 517 3274 obstrictus
537 3221 565 3288 S,
585 3220 718 3274 astrictus
738 3223 833 3290 iacps
846 3223 855 3289 ll
875 3225 907 3272 13
928 3223 1027 3290 erogat
1047 3220 1082 3289 Q¹

86 3295 160 3349 uber
184 3292 273 3346 VTG
299 3294 308 3362 ΙΙ
337 3297 371 3345 14
390 3291 431 3346 De
449 3291 617 3361 probatione
636 3291 736 3345 vitium
756 3293 835 3345 addit
855 3290 894 3344 Gi
912 3292 944 3344 iii
962 3293 1103 3363 morpiuel

86 3373 119 3420 15
141 3367 174 3419 et
193 3380 243 3416 om.
259 3363 320 3432 SE,
340 3363 370 3416 in
389 3362 492 3431 quibus
510 3365 621 3418 bobeta
635 3366 643 3433 14
660 3369 692 3417 16
714 3362 869 3417 acinatium
883 3362 935 3416 Vs
941 3363 1005 3430 TE,
1026 3362 1111 3416 acina

88 3438 167 3491 cium
187 3433 222 3504 (ti
241 3437 320 3504 arua)
337 3435 362 3488 G
378 3437 382 3504 Ι
399 3434 547 3489 consueuit
565 3434 625 3489 fieri
643 3436 687 3504 ΤΗ
703 3440 735 3488 18
754 3433 796 3487 De
813 3431 948 3487 incisione
963 3432 1110 3487 vinearum

87 3525 138 3563 seu
168 3504 318 3575 putatione
346 3509 398 3560 etc.
428 3508 508 3562 addit
537 3506 577 3560 6³
604 3507 636 3560 iii
662 3506 786 3575 marpine
809 3507 818 3574 lt
846 3510 877 3558 21
902 3502 1031 3572 mittigat
1053 3504 1083 3556 E
1101 3505 1112 3576 ll

87 3589 122 3634 24
144 3577 226 3632 olera
245 3578 275 3629 Ε
289 3578 293 3648 l
309 3579 411 3632 uentus
430 3577 579 3632 mediocris
598 3595 616 3632 a
