2556 3942
497 221 743 278 ueniere-11
1084 228 1123 291 17

100 367 167 433 riis
192 368 298 453 magis
321 370 477 452 poterunt
500 368 683 432 conuenire.¹
721 369 777 433 sed
801 370 828 434 si
852 370 901 435 uti
925 393 1055 436 neeesse
1079 373 1123 437 sit
1147 374 1168 438 3

99 457 363 546 marislharena,
387 457 450 520 erit
474 457 680 521 commodum
699 459 790 542 prius
810 480 882 523 eam
900 460 1016 525 lacuna
1034 484 1124 526 umo-

99 548 152 611 ris
189 545 293 610 dulcis
325 545 479 630 inmergi,
512 549 549 608 ut
580 545 700 615 uitium
733 546 811 611 salis
843 548 936 632 aquis
968 550 1126 616 suauibus

101 637 200 701 eluta
231 634 380 719 deponat.
426 635 547 699 calcem
581 656 708 718 quoque
741 636 816 701 albo
849 659 927 702 saxo
960 639 1041 705 duro
1071 640 1124 704 uel

67 723 272 791 stiburtino
301 727 358 787 aut
384 724 570 788 columbino
594 724 719 787 fluuiali
743 746 919 809 coquemus
944 731 1001 791 aut
1024 729 1123 793 rubro

100 818 166 879 aut
187 810 324 898 spongia
343 815 400 876 aut
418 815 585 896 postremo
604 833 775 877 marmore.
808 813 863 899 qui
882 816 945 879 erit
964 837 1003 879 ex
1018 817 1123 900 spisso

100 907 140 968 et
173 902 255 966 duro
283 923 377 986 saxo,
405 901 578 965 structuris
607 902 774 968 conuenit:
803 924 842 968 ex
870 904 1018 969 fistuloso
1045 928 1123 970 uero

100 995 166 1056 ant
188 990 332 1054 molliori
350 990 456 1073 lapide
476 989 622 1055 tectoriis
643 990 817 1055 adhibetur
836 992 958 1057 utilius.
996 994 1031 1057 in
1050 995 1124 1058 dua·
1155 1019 1157 1026 ’

99 1083 170 1145 bus
204 1078 344 1143 harenae
376 1079 526 1162 pertibus
560 1079 657 1144 calcis
690 1100 756 1145 una
788 1080 952 1147 miscenda
982 1086 1042 1148 est.
1089 1083 1124 1147 in

49 1198 80 1235 ιο
98 1167 236 1234 fluuiali
262 1189 340 1231 uero
368 1168 490 1231 harena
518 1167 546 1232 si
578 1168 710 1232 tertiam
736 1173 865 1252 partem
888 1175 993 1236 testae
1018 1176 1123 1237 cretae

99 1254 286 1340 addideris,
310 1278 444 1341 operum
467 1256 616 1321 soliditas
640 1257 724 1320 mira
746 1259 978 1341 praestabitur.

301 1557 360 1622 DE
384 1557 636 1623 LATERIOIIS
660 1558 935 1626 PARIETIBVS.

177 1701 272 1778 Quod
305 1702 332 1765 si
364 1700 528 1765 latericios
561 1701 702 1784 parietes
735 1702 769 1766 in
798 1703 963 1787 praetorio
991 1703 1098 1768 facere
1128 1705 1175 1772 XI

102 1790 264 1870 uolueris,
286 1789 368 1855 illud
393 1811 522 1854 seruare
546 1791 688 1875 debebis,
711 1794 749 1855 ut
770 1791 923 1874 perfectis
943 1792 1122 1876 parietibus

51 1909 82 1950 1⁵
100 1884 140 1946 in
175 1880 383 1964 summitate,
419 1901 501 1963 quae
538 1879 689 1944 trabibus
722 1878 919 1964 subiacebit,
957 1885 1123 1947 structura

99 1973 254 2035 testacea
282 1990 355 2034 eum
385 1967 514 2032 coronis
537 1969 799 2051 prominentibus
823 1970 882 2033 fiat
906 1971 1123 2054 sesquipedali

100 2057 292 2141 altitudine,
310 2061 358 2142 ut,
376 2057 404 2122 si
419 2061 591 2140 corruptae
605 2057 736 2142 tegulae
752 2061 809 2122 aut
823 2058 976 2123 imbrices
991 2058 1122 2140 fuerint,
1164 2105 1166 2110 -

102 2147 268 2232 parietem
299 2169 365 2210 non
397 2145 525 2230 possint
560 2149 730 2228 penetrare
764 2147 942 2230 perpluvia.
996 2147 1121 2212 Deinde

98 2235 343 2322 prouidendum
380 2239 443 2318 est,
477 2239 515 2299 ut
552 2233 646 2299 siccis
684 2237 717 2299 et
750 2236 909 2319 asperatis
941 2235 1139 2320 parietibus.

51 2357 83 2397 20
100 2323 264 2390 latericiis
297 2324 471 2389 inducatur
498 2323 678 2406 tectorium,
714 2325 800 2408 quod
828 2324 947 2389 umidis
979 2347 1016 2390 ac
1044 2326 1121 2390 leui·

99 2416 166 2479 bus
202 2413 374 2478 adhaerere
406 2434 473 2476 non
501 2413 624 2497 poterit
656 2416 689 2476 et
716 2412 789 2477 ideo
818 2413 917 2478 tertio
946 2436 1002 2479 eos
1029 2414 1120 2498 prius

99 2503 240 2568 debebis
269 2502 440 2584 obducere,
467 2504 505 2565 ut
533 2501 707 2566 tectorium
736 2500 805 2566 sine
835 2504 1042 2586 corruptione
1071 2525 1121 2567 su·

99 2591 256 2677 scipiant.

181 2824 194 2871 1
216 2817 240 2871 si
254 2835 304 2873 orn.
317 2817 341 2887 Q
356 2818 360 2888 Ι
376 2817 497 2872 necessit
510 2818 533 2888 Q
545 2819 554 2887 ΙΙ
569 2823 585 2870 4
600 2818 691 2872 elutat
708 2819 739 2888 Q,
755 2817 831 2871 elota
845 2819 937 2890 lueys
953 2820 957 2888 Ι
974 2819 1069 2873 albam
1082 2819 1119 2887 E,

102 2909 138 2946 ex
159 2888 226 2944 albo
245 2891 292 2957 ia,
312 2889 455 3014 [expalbo
474 2906 527 2959 ops
549 2892 559 2958 ΙΙ
586 2888 731 2943 5fluuiali
751 2905 852 2944 arenae
868 2907 897 2959 p,
917 2890 1062 2943 fluuialiue
1080 2909 1093 2944 s
1112 2893 1120 2962 ll

101 2969 120 3016 6
141 2977 268 3032 spongea
290 2961 348 3030 LQ
386 2961 417 3014 Ε
445 2962 448 3031 Ι
477 2963 649 3029 postremum
667 2961 729 3028 VT,
753 2978 891 3015 marmore
913 2963 1054 3030 postremo
1076 2980 1119 3032 pe,

100 3048 252 3088 marmore.
281 3031 425 3086 Postremo
439 3050 465 3099 a,
485 3048 630 3086 marmore.
658 3035 800 3101 postremo
816 3050 830 3086 c
845 3033 849 3103 l
866 3032 942 3100 quod
958 3032 1026 3100 GE,
1046 3051 1119 3102 quae

101 3121 186 3175 eope
206 3104 215 3174 ll
240 3109 254 3156 7
279 3106 340 3157 sato
366 3103 392 3157 G
414 3105 423 3172 ΙΙ
446 3109 462 3156 9
480 3102 621 3157 mittenda
635 3121 657 3171 p
671 3106 679 3174 ΙΙ
695 3109 728 3156 10
746 3120 813 3157 uero
835 3121 883 3157 om,
905 3103 974 3156 S¹E
997 3106 1001 3174 Ι
1025 3105 1120 3159 tectae

100 3176 287 3247 (protectae)
302 3175 333 3228 E
346 3175 350 3245 Ι
368 3175 464 3228 coctae
476 3175 499 3243 i,
515 3174 683 3298 [cretaepcp
697 3177 706 3244 ΙΙ
721 3180 752 3226 11
768 3173 916 3244 parabitur
925 3175 956 3226 Ε
967 3177 976 3244 ll
992 3181 1025 3228 13
1039 3193 1119 3245 prae-

99 3246 245 3316 toriispll
261 3251 295 3298 14
313 3245 390 3299 istud
408 3246 419 3299 ι’
432 3247 441 3316 {l
461 3251 493 3298 lo
513 3245 627 3300 subiace
648 3245 672 3299 is
691 3247 717 3299 L
731 3248 741 3315 ΙΙ
760 3251 792 3299 16
813 3261 884 3314 quae
902 3245 999 3314 pedali
1018 3246 1056 3300 sit
1071 3265 1092 3315 p
1110 3247 1120 3320 ll

101 3325 136 3372 17
157 3317 282 3371 inbrices
311 3318 337 3372 G
350 3319 359 3386 ΙΙ
383 3321 416 3369 18
435 3315 524 3386 possit
539 3334 561 3384 p
576 3318 581 3398 l
597 3317 738 3386 penitrere
757 3316 789 3385 S,
808 3315 907 3386 pluuia
925 3321 1072 3386 penetrare
1088 3336 1117 3386 p,

101 3387 254 3443 stillicidia
272 3392 418 3457 penetrare
438 3405 481 3457 ae,
499 3387 672 3460 [stilhcidia]
690 3391 838 3458 penetrare
855 3405 891 3458 cp
907 3389 911 3460 l
927 3405 977 3457 per
990 3387 1118 3458 pluuium

100 3460 333 3530 armatarus,
353 3476 402 3514 om.
419 3461 463 3529 pl!
478 3465 512 3512 20
530 3461 668 3513 tectorum
685 3460 712 3527 S,
733 3476 801 3512 onus
820 3460 958 3512 tectorum
972 3460 1020 3530 ΕΙ
1038 3458 1118 3526 quoti

103 3533 150 3603 Qu
166 3537 199 3584 22
221 3530 361 3585 abducere
379 3532 428 3603 ΕΙ
445 3529 581 3601 suscipiat
599 3531 629 3584 Ε
887 3567 890 3574 .

154 3633 300 3672 Pumsmvs
314 3631 348 3672 cd.
364 3631 493 3672 schmitt.
942 3624 957 3670 2
