2538 3942
467 223 583 281 AGRIO.
598 225 637 278 XI
652 230 722 279 1-4
1035 227 1101 292 213

286 420 346 486 DE
369 415 465 487 LINI
490 421 659 490 SEMINE
685 423 905 492 SERENDO.

149 545 225 611 Hoc
252 569 363 612 mense
390 547 450 613 lini
479 569 589 613 semen
617 571 776 634 seramus,
807 549 836 614 si
862 549 984 634 placet,
1013 551 1099 634 quod
1122 550 1157 616 ΙΙ

81 657 142 720 pro
172 634 300 700 malitia
330 636 381 700 sui
408 638 581 702 serendum
605 643 761 703 nonest:
789 660 866 702 nam
890 636 997 704 terrae
1020 639 1103 704 uber

82 723 245 788 exhaurit.
292 725 348 789 sed
379 725 408 789 si
439 725 523 791 uelis
555 727 629 791 loco
662 727 880 814 pinguissimo
914 731 947 791 et
976 729 1101 793 modice

56 813 210 896 sumido,
238 817 364 878 seretur
390 814 426 879 in
453 814 567 900 ingero
592 819 666 880 octo
690 814 818 881 modiis.
864 815 967 900 aliqui
990 839 1101 882 macro

82 902 155 967 solo
181 900 323 986 spissum
348 907 473 968 serunt:
500 904 549 968 ita
576 905 812 990 adsequuntur,
838 909 877 969 ut
899 904 1005 970 linum
1029 907 1103 970 sub-

80 991 141 1056 tile
165 995 280 1056 nascat
322 1041 328 1054 .

102 1203 168 1269 DE
193 1203 414 1270 NOTANDA
436 1204 598 1270 VITIVM
620 1204 931 1294 FERTILITATE,
954 1204 1081 1282 QVAM

286 1310 624 1378 PROVIDEBIMVS
647 1311 903 1380 PANCTIONI.

41 1465 65 1503 ιο
150 1435 250 1501 Nunc
282 1435 468 1520 obportuna
498 1437 663 1502 uindemia
695 1442 760 1521 est,
793 1439 885 1504 cuius
917 1443 1066 1524 tempore
1105 1437 1156 1504 ΙΠ

78 1525 230 1592 notanda
252 1529 303 1590 est
326 1525 510 1591 fecunditas
534 1525 656 1590 uitium
676 1530 711 1590 et
733 1528 822 1592 notis
842 1528 1101 1613 quibuscumque

79 1614 255 1702 signanda,
277 1618 315 1678 ut
338 1635 378 1678 ex
400 1614 453 1679 his
477 1615 516 1679 ad
539 1615 727 1698 ponendum
750 1621 916 1682 sarmenta
935 1617 1101 1702 possimus

79 1703 215 1789 eligere.
254 1702 377 1767 adserit
400 1707 511 1768 autem
535 1701 717 1769 Columella
738 1727 804 1771 uno
829 1728 914 1771 anno
939 1706 1102 1790 explorari

79 1792 294 1858 fertilitatem
329 1812 396 1857 non
432 1813 530 1877 posse
564 1793 620 1857 sed
652 1797 822 1877 quattuor:
864 1815 928 1880 quo
964 1816 1100 1860 numero

39 1908 65 1948 15
80 1880 297 1968 cognoscitur
319 1903 398 1945 uera
421 1881 624 1967 generositas
649 1883 863 1949 surculorum

111 2093 176 2159 ΒΕ
189 2091 427 2159 PONENDIS
451 2092 604 2160 VINEIS
628 2093 716 2160 VEL
740 2094 1071 2179 Paopnsnsnls

154 2197 459 2287 REPARANDIS,
481 2199 705 2267 PVTANDIS
727 2201 785 2266 ΕΤ
808 2199 1032 2267 ARBVSTIS.

149 2323 225 2389 Hoc
246 2346 357 2390 mense
381 2330 562 2409 postremo,
589 2325 647 2390 ubi
673 2326 769 2392 calidi
792 2349 830 2392 ac
854 2325 933 2393 sicci
957 2325 1041 2391 aeris
1082 2326 1150 2392 llll

76 2413 227 2500 qualitas
255 2417 319 2497 est,
347 2413 405 2478 ubi
433 2415 526 2480 exilis
555 2418 588 2479 et
615 2415 724 2480 aridus
749 2437 896 2501 campus,
924 2416 984 2481 ubi
1007 2414 1101 2482 collis

37 2532 63 2569 so
77 2505 280 2589 praeruptus
314 2506 372 2566 aut
404 2524 524 2587 macer,
556 2504 641 2568 uites
673 2503 814 2568 utillime
846 2509 1030 2590 ponuntur,
1061 2506 1101 2570 de

78 2592 205 2678 quibus
235 2591 316 2656 satis
345 2613 455 2656 mense
483 2592 648 2658 februario
681 2592 855 2678 disputaui.
900 2616 987 2660 nunc
1018 2595 1100 2661 locis

64 2681 191 2763 siccis,
205 2679 329 2766 calidis,
343 2680 492 2765 exilibus,
510 2681 638 2765 macris,
656 2682 835 2768 harenosis,
854 2685 982 2768 apricis,
1002 2705 1101 2768 quae-

77 2791 224 2853 cumque
257 2769 296 2835 de
327 2769 481 2853 pastinis,
515 2770 554 2834 de
580 2771 705 2836 uitibus
732 2773 906 2858 ponendis,
936 2773 1102 2858 putandis,

75 2857 315 2944 propagandis,
334 2859 522 2942 reparandis
542 2860 595 2924 uel
611 2860 745 2925 arbusto
760 2860 908 2926 faciendo
923 2865 997 2925 ante
1012 2860 1101 2925 dicta

155 3093 172 3140 2
192 3087 268 3155 quod
286 3089 415 3142 tamena
437 3089 446 3157 l
469 3093 485 3140 3
504 3087 664 3142 ubertatem
682 3089 740 3157 Ei,
759 3088 914 3143 utilitatem
938 3087 965 3141 V
983 3090 993 3158 ΙΙ
1015 3094 1033 3142 4
1052 3105 1099 3144 ex-

77 3158 159 3213 aruit
177 3158 246 3224 LF,
265 3156 357 3212 exurit
375 3157 452 3228 Vns
470 3157 509 3212 IX
526 3157 629 3213 modiis
643 3177 666 3228 p
681 3162 685 3230 Ι
701 3159 732 3213 in
751 3176 819 3231 agro
837 3157 897 3212 solo
916 3159 947 3212 E
958 3161 969 3230 ss
986 3159 1101 3230 &CVM

74 3228 284 3286 VIDEBIMVS
312 3230 352 3296 L,
381 3245 438 3297 qua
464 3228 676 3311 prouidcbimus
699 3249 719 3286 a
744 3234 754 3302 l
782 3238 797 3285 9
820 3228 993 3285 ΡΑΟΤΙΟΝῙ
1018 3231 1074 3286 SE

77 3307 117 3356 10
137 3302 307 3370 oportunum
320 3301 352 3354 E
366 3301 371 3371 Ι
387 3303 430 3354 est
444 3300 631 3370 andonius,
650 3304 694 3355 est
710 3300 888 3356 uinctemiati
902 3303 1028 3372 tempore
1042 3302 1073 3356 E

76 3378 116 3427 11
135 3371 295 3426 notandum
314 3372 492 3442 PLVTFl}
507 3375 588 3438 raet
602 3389 656 3442 pro
673 3375 707 3427 ut
725 3372 743 3426 S
760 3375 764 3442 l
781 3389 815 3427 ex
834 3371 874 3426 eis
893 3374 933 3441 L,
953 3372 1033 3427 exilis
1049 3371 1076 3427 G
1095 3377 1099 3444 l

76 3449 118 3498 13
138 3442 278 3513 explorari
296 3441 518 3497 foecunditatem
536 3461 593 3498 uno
612 3461 685 3498 anno
703 3445 798 3567 iacgr
819 3445 830 3513 11
853 3449 887 3498 14
906 3461 961 3513 quo
981 3458 1098 3496 numero

76 3531 135 3570 om.
145 3515 176 3568 Ε
187 3516 197 3584 ΙΙ
211 3519 245 3568 18
260 3516 383 3568 extrem
389 3531 412 3584 p
424 3516 434 3584 ΙΙ
449 3513 589 3568 19'aridus
605 3516 699 3582 estio,
715 3514 757 3568 ari
777 3533 810 3568 us
825 3515 892 3587 [est]
903 3533 917 3570 c
921 3532 956 3585 ys
970 3517 979 3584 ΙΙ
993 3519 1027 3566 20
1041 3512 1098 3567 uti-

75 3584 190 3640 lissime
209 3602 281 3656 ceps
294 3587 304 3655 ΙΙ
318 3590 352 3638 22
372 3583 459 3658 aridis
474 3602 527 3654 pro
547 3584 649 3655 apricis
669 3601 746 3654 ceps
