2524 3946
442 200 560 259 AGRIC.
573 201 613 255 HI
627 207 731 257 17-18
1050 203 1092 268 89

82 347 283 413 decimanum
301 346 432 411 tabulas
452 346 593 433 cingant,
611 347 665 411 uel
685 369 780 412 suum
797 345 906 412 locum
925 350 1092 415 tenebunt.

81 438 110 502 si
130 441 299 521 ponuntur
321 435 356 499 in
376 435 516 518 pastino,
538 436 701 501 radicatae
720 436 852 519 plantae
871 437 987 503 decisis
1007 439 1093 524 capi·

80 526 168 591 tibus
198 529 231 590 et
258 523 400 590 brachiis
429 529 462 589 ct
489 525 525 588 in
551 529 704 590 truncum
735 525 884 590 redactae
916 549 1019 611 usque
1052 529 1093 593 ad

82 631 267 679 mensuram
294 614 396 678 cubiti
424 614 520 678 unius
549 617 582 678 et
608 613 712 697 palmi
738 613 773 678 in
801 613 961 680 fermento
985 621 1092 682 terrae

55 703 187 769 efossae
208 703 391 786 defigantur
408 702 518 767 locum
535 703 611 786 palo
631 706 728 767 antea
745 702 959 786 deprimente:
977 704 1093 770 hordei

81 814 183 878 grane
197 789 472 856 subteriaciantur
487 797 521 855 et
535 794 722 874 amputetur
731 790 793 873 his,
808 792 960 875 quicquid
969 795 1093 876 putridi

79 882 250 946 inuentum
268 879 369 944 fuerit
387 883 444 944 aut
461 879 597 945 arentis:
617 883 650 944 et
670 883 748 944 tunc
767 881 875 964 capita
891 903 1003 946 earum
1020 884 1092 947 luto

79 971 230 1036 uelantur
258 973 291 1032 et
314 989 426 1033 musco
449 969 567 1033 ulmeis
590 967 730 1033 uinculis
754 969 808 1033 uel
831 970 999 1036 tenacibus
1023 972 1092 1056 qui-

79 1061 280 1141 buscumque
308 1055 495 1122 constricta.
540 1057 597 1122 sed
624 1058 803 1121 maximum
826 1058 1017 1125 beneficium
1041 1064 1092 1126 est
1115 1060 1137 1124 2

38 1153 111 1213 1oet
144 1147 278 1231 proficit
308 1146 526 1228 incremento,
563 1146 593 1210 si
623 1145 754 1210 rubrica
785 1152 897 1229 partes
927 1154 1093 1235 notentur,

79 1237 199 1322 quibus
219 1236 376 1300 obuersae
397 1238 567 1319 steterant,
589 1238 623 1298 et
641 1239 827 1300 contraeas
846 1236 947 1302 simili
966 1237 1092 1303 ratione

76 1329 251 1410 ponantur.
298 1324 365 1388 sint
392 1345 411 1387 a
434 1345 468 1390 se
492 1322 649 1388 discretae
672 1324 809 1407 pedibus
834 1326 1017 1408 quindecim
1039 1328 1093 1392 uel

77 1413 209 1500 uiginti.
251 1413 357 1477 omnis
385 1412 521 1477 subinde
550 1412 637 1477 circa
664 1434 719 1477 eas
749 1413 852 1478 herba
875 1415 1030 1481 cellatur:
1060 1421 1094 1481 et

78 1503 232 1587 quotiens
260 1523 295 1566 se
323 1502 429 1566 imber
455 1500 625 1584 infuderit,
653 1500 856 1566 breuissimis
885 1525 922 1568 ac
945 1504 1094 1588 frequen-

35 1616 62 1657 15
78 1592 217 1657 tissimis
240 1589 441 1655 fossionibus
465 1589 690 1654 sollicitentur.
737 1595 771 1654 et
795 1590 931 1657 subinde
955 1595 1094 1659 ductae

75 1686 195 1746 trunco
219 1684 308 1745 terra
331 1683 429 1765 atque
451 1679 614 1763 permixta
636 1679 671 1744 in
695 1678 863 1763 aliquanto
887 1681 1020 1746 altiores
1043 1706 1094 1748 cu-

76 1771 185 1835 mulos
211 1772 414 1854 congeratur.
461 1769 547 1854 quod
571 1767 599 1832 si
623 1767 783 1832 oliuetum
805 1789 864 1833 suo
887 1770 960 1836 loco
984 1771 1091 1837 facere
1116 1771 1137 1835 3

76 1859 237 1941 uolueris,
259 1856 340 1922 haec
363 1879 484 1942 genera
507 1861 669 1920 terrarum
692 1856 850 1942 sequeris,
883 1862 1018 1943 terram,
1042 1863 1093 1926 cui

77 1950 183 2012 mixta
211 1947 255 2011 sit
283 1946 409 2032 glarea,
437 1950 495 2010 aut
524 1949 648 2010 cretam
673 1945 840 2010 sabulonis
864 1949 1093 2015 coniunctione

36 2063 63 2100 ao
78 2036 261 2102 resolutam
283 2041 340 2099 aut
358 2035 514 2120 pinguem
534 2034 725 2098 sabulonem
744 2039 801 2099 aut
818 2039 940 2100 terram
958 2041 1093 2104 naturae

75 2124 239 2191 densioris
268 2128 302 2189 et
324 2122 462 2189 umidae.
508 2127 597 2188 creta
620 2123 714 2207 figuli
738 2124 870 2189 omnino
894 2127 1094 2209 repudianda
1115 2126 1137 2189 4

75 2219 128 2279 est
158 2217 192 2278 et
218 2213 383 2298 uliginosa
411 2216 445 2276 et
471 2211 507 2276 in
535 2234 599 2295 qua
627 2233 756 2296 semper
783 2235 878 2278 umor
907 2214 1036 2279 adsistit
1060 2221 1094 2281 et

76 2304 196 2368 sabulo
223 2324 333 2367 macer
360 2306 394 2365 et
418 2301 505 2364 nuda
528 2301 651 2386 glarea:
681 2302 829 2384 quamvis
853 2303 938 2367 enirn
963 2324 1094 2388 conpre-

75 2391 214 2474 hendat,
241 2413 310 2457 non
332 2389 540 2455 conualescit.
585 2392 695 2474 potest
719 2389 797 2475 seri,
821 2394 853 2455 et
876 2391 933 2456 ubi
957 2394 1093 2458 arbutus

32 2503 59 2544 25
78 2484 138 2545 aut
160 2479 226 2544 ilex
249 2482 396 2545 steterat.
431 2500 509 2543 nam
530 2500 639 2543 cerrus
659 2482 692 2542 et
710 2478 818 2543 excisa
836 2481 960 2545 radices
978 2483 1093 2548 noxias

151 2707 304 2761 tredatae
330 2706 353 2776 Q
378 2707 382 2775 1
409 2705 576 2759 admensura
601 2704 624 2774 1,)
650 2707 659 2775 11
687 2705 851 2761 bdefossae
870 2709 901 2761 E
924 2709 928 2780 1
952 2708 1020 2779 pala
1040 2710 1090 2782 Gl
1140 2723 1147 2738 ‘

74 2777 147 2834 ordo
168 2778 198 2831 F
213 2781 222 2848 11
241 2785 256 2833 6
276 2777 312 2830 iis
331 2795 408 2847 acus
426 2780 435 2847 11
454 2782 469 2830 7
489 2775 661 2844 etiamtunc
680 2778 814 2848 Ε11ωιε
832 2779 928 2849 capita
946 2783 1094 2850 amputata

73 2850 140 2904 luto
162 2849 195 2917 G,
214 2852 283 2902 tunc
303 2850 452 2918 amputata
471 2846 566 2917 capita
584 2847 644 2901 luto
664 2865 735 2918 acy,
754 2853 822 2904 tunc
841 2851 1011 2975 {amputem
1032 2867 1092 2920 cap.

73 2921 159 2975 luta
186 2923 196 2989 11
223 2926 362 2974 δηιεεεο.
382 2918 429 2972 uel
447 2917 508 2972 nais
526 2918 647 2972 uinculis
668 2919 695 2973 G
707 2921 714 3000 1
735 2921 844 2975 tenasci
865 2939 897 2975 us
915 2922 946 2974 E
972 2924 981 2990 11
1008 2927 1042 2975 10
1060 2925 1094 2976 ut

67 3009 128 3062 pro
146 2994 176 3045 et
194 2990 442 3061 PLQSETFG
460 2997 485 3044 ct
503 2990 561 3043 edd.
588 2993 592 3061 1
617 2989 744 3059 proficret
766 2993 795 3060 Τ,
819 2991 947 3061 proficiat
965 2993 1051 3047 ΒΕΘ
1069 3001 1094 3049 ct

71 3063 136 3119 edd.
160 3066 170 3133 11
195 3070 225 3117 11
247 3062 367 3117 obuersa
385 3064 428 3115 est
447 3063 476 3114 et
494 3063 575 3114 erant
592 3061 658 3130 PL,
677 3063 797 3116 obuersa
816 3066 866 3117 est.
891 3066 920 3117 et
938 3066 1035 3118 erutae
1056 3066 1090 3123 (τ’.

71 3135 214 3190 obuersae
237 3136 379 3188 steterunt
401 3133 531 3187 editiones
555 3133 558 3202 1
585 3135 614 3186 et
636 3149 685 3186 om.
704 3133 730 3187 G
756 3137 765 3204 11
794 3140 827 3188 16
847 3149 937 3201 aquae
956 3136 987 3188 Ε
1010 3138 1014 3207 1
1040 3136 1092 3189 ali-

70 3207 180 3274 quatos
197 3206 228 3258 E
253 3207 263 3276 11
292 3211 325 3258 18
343 3205 414 3258 haec
432 3206 508 3257 terra
526 3204 553 3257 L
574 3208 577 3274 1
601 3203 688 3256 Terra
705 3221 770 3257 cum
789 3205 815 3260 G
837 3208 846 3276 11
874 3211 908 3258 20
928 3206 1091 3261 sabulonem

69 3277 102 3348 pi
167 3292 212 3330 em
238 3277 270 3330 Ε
295 3279 305 3346 11
333 3282 365 3329 21
392 3274 507 3328 uiuidae
534 3275 609 3330 codd.
635 3281 745 3343 procur
772 3276 798 3328 F
830 3279 833 3345 1
868 3275 951 3331 Creta
978 3278 1091 3332 omnino

148 3347 222 3418 Ἐ11
236 3354 271 3401 22
286 3348 387 3401 humor
400 3362 510 3415 semper
525 3346 572 3416 611
587 3353 620 3399 23
635 3346 815 3416 macraE²ll
829 3353 864 3400 24
877 3351 973 3402 tamen
986 3349 1089 3421 nonsl

71 3420 211 3474 arbustae
233 3419 292 3489 QE
313 3422 322 3489 11
345 3425 378 3472 26
398 3418 444 3471 lex
463 3419 519 3470 stet
537 3418 576 3484 L,
600 3416 656 3470 ilex
675 3416 824 3471 exstiterat
844 3419 869 3473 G
885 3422 889 3488 1
905 3419 979 3472 Nam
998 3419 1092 3473 excisa

70 3489 201 3546 acerrius
228 3508 271 3544 us.
300 3493 329 3544 et
355 3488 465 3542 radices
488 3487 530 3555 Ε,
558 3503 656 3557 cessus
682 3488 713 3558 11,
742 3504 853 3542 cerasus
878 3491 909 3558 V,
938 3489 1028 3543 cernis
1053 3491 1089 3557 F,

69 3563 178 3616 cedrus
188 3580 210 3632 p
226 3564 229 3633 1
246 3564 276 3615 et
289 3577 339 3616 ora.
356 3561 387 3629 V,
402 3558 490 3614 etiam
504 3557 597 3612 excisa
606 3559 667 3612 bob.
675 3576 704 3627 p,
718 3562 748 3612 et
758 3561 885 3615 aesculus
895 3561 989 3614 excisa
998 3562 1092 3631 tucca
