2518 3938
332 1024 478 1098 LIBER
505 1023 726 1111 QVARTVS
752 1022 962 1098 DECIMVS

607 1150 688 1206 SIVE

490 1260 549 1326 Du
572 1259 810 1327 INSITIONE.

211 1535 274 1602 AD
296 1534 569 1602 PASIPHILVM
594 1535 741 1602 VIRVM
762 1534 1077 1602 DOOTISSIMVM.

111 1689 126 1730 a
206 1661 319 1728 Habes
351 1661 439 1726 aliud
467 1661 613 1727 indultae
641 1661 778 1727 fiduciae
805 1661 1040 1726 testimonium.
1092 1683 1152 1746 pro

140 1772 240 1816 usura
271 1751 428 1837 temporis
460 1751 524 1816 hoa
556 1771 638 1834 opus
671 1751 710 1815 de
742 1754 813 1815 arte
844 1748 1010 1815 insitionis
1041 1750 1152 1815 adieci.

140 1840 198 1905 sed
224 1841 313 1925 quod
338 1839 507 1904 uolumina
533 1839 615 1904 hasa
641 1839 726 1904 ruris
755 1839 882 1905 colendi
909 1838 1027 1923 serius,
1054 1860 1151 1922 quam

140 1929 298 2013 iusseras,
326 1929 560 2015 scriptarum,
587 1927 715 1993 librarii
742 1949 857 1992 manus
881 1927 1012 2013 segnior
1035 1927 1152 2012 effecit,

141 2018 232 2084 euius
252 2039 313 2104 ego
332 2019 523 2083 tarditatem
541 2038 720 2101 numquam
738 2017 881 2103 maligne
904 2017 1052 2082 aestimo.
1088 2017 1151 2082 exi-

97 2135 126 2176 ro
141 2107 240 2173 1111110
273 2107 373 2191 enim,
401 2128 465 2191 quo
497 2105 683 2190 frequenter
714 2105 849 2171 inclinet
881 2105 1013 2190 argutia
1044 2127 1152 2172 seruo-

139 2218 220 2260 rum.
254 2196 341 2261 malo
361 2217 494 2280 operam
513 2195 582 2260 eius
597 2197 766 2279 expectare
780 2195 891 2278 potius
910 2216 1008 2279 quam
1025 2195 1150 2260 timere.

138 2285 258 2366 neseio,
276 2289 386 2350 utrum
401 2306 571 2350 commune
590 2285 635 2348 sit
653 2282 807 2349 dominis:
825 2281 907 2347 mihi
925 2282 1057 2350 difficile
1076 2306 1149 2350 eon·
1173 2286 1194 2352 2

138 2373 241 2459 tingit
263 2373 298 2438 in
320 2372 494 2439 seruilibus
518 2372 658 2459 ingeniis
682 2372 827 2438 inuenire
850 2372 1052 2457 temperiem.
1101 2374 1151 2439 ita

139 2462 329 2549 saepissime
362 2468 482 2528 natura
512 2461 593 2527 haee
619 2461 717 2526 uitiat
749 2460 969 2546 commodum,
1001 2462 1029 2526 si
1061 2461 1150 2547 quod

96 2577 125 2620 11
139 2555 198 2633 est,
222 2556 255 2616 et
278 2552 394 2618 miscet
418 2551 562 2635 optanda
584 2549 766 2616 contrariis.
803 2549 961 2616 uelocitas
984 2551 1150 2634 procurrit

138 2641 174 2705 in
196 2639 336 2706 facinus:
360 2640 517 2726 segnities
539 2640 679 2725 figuram
706 2639 921 2726 benignitatis
943 2639 1094 2704 imitatur
1117 2645 1150 2704 et

137 2733 266 2795 tantum
293 2729 416 2796 recedit
443 2731 483 2794 ab
513 2727 675 2814 agilitate,
702 2733 861 2814 quantum
883 2728 1019 2795 recessit
1042 2751 1061 2793 a
1083 2751 1150 2794 sae-

210 2926 225 2976 1
251 2919 375 2976 Palladii
399 2919 502 2975 Rutilii
524 2919 610 2974 Tauri
637 2921 672 2974 de
696 2919 831 2975 Insitione
856 2921 941 2975 Liber
958 2920 999 2990 A,
1025 2919 1148 2990 Palladij

135 2991 239 3062 Rutilij
265 2991 351 3046 Tauri
377 2991 522 3046 aemiliani
547 2992 584 3046 ad
607 2990 764 3047 Pastellum
787 2993 821 3046 de
844 2991 980 3046 Insitione
1005 2990 1090 3045 Liber
1107 2992 1148 3059 H,

135 3062 261 3117 Palladii
286 3064 321 3118 de
347 3065 407 3118 arte
432 3062 573 3116 insitionis
599 3063 725 3119 Libellus
750 3064 792 3133 D,
818 3061 989 3117 PALLADII
1012 3062 1150 3117 RUTILII

135 3134 251 3189 TAURI
262 3133 458 3188 nanmM
471 3133 519 3188 DE
537 3133 722 3189 INSITIONE
740 3134 850 3188 LIBER
862 3133 913 3187 AD
927 3133 1150 3188 PASIPHILUM

133 3205 169 3262 V.
188 3205 222 3260 D
243 3205 272 3276 0,
291 3205 414 3275 Palladij
432 3205 534 3274 Rutilij
549 3204 635 3259 Tauri
653 3205 787 3275 Emilianj
807 3205 842 3259 de
859 3203 997 3259 Insitione
1016 3206 1148 3260 arborum

135 3292 250 3332 earmen
265 3249 306 3330 ad
324 3276 498 3347 Pasiphilum
517 3275 608 3330 virum
627 3225 819 3332 doctissimum
838 3277 866 3330 B
879 3278 889 3347 l}
907 3282 923 3330 5
942 3276 1149 3332 Habes-con-

133 3348 242 3420 pendia
259 3363 310 3403 om.
303 3347 592 3489 ..ABssefidueiQ
554 3347 592 3417 H,
611 3347 678 3402 fidei
691 3349 771 3404 aeteri
793 3350 802 3418 ΙΙ
830 3354 846 3402 6
864 3348 919 3402 hoa
937 3365 1006 3419 opus
1024 3347 1079 3401 tibi
1096 3363 1148 3417 pro

134 3435 221 3474 usura
242 3422 377 3490 temporis
455 3421 486 3475 D
526 3436 596 3489 opus
619 3419 674 3473 tibi
697 3420 732 3474 de
758 3421 818 3474 arte
836 3419 872 3473 H
895 3422 905 3490 ΙΙ
936 3418 1040 3474 8feeit
1057 3434 1149 3474 omnes

129 3498 242 3573 praeter
260 3491 349 3561 DHll
363 3490 528 3545 texistimo
542 3491 580 3559 D
600 3489 704 3546 extimo
718 3491 774 3556 Hi,
793 3489 852 3545 seio
870 3491 951 3547 ceteri
972 3493 982 3560 ΙΙ
1006 3494 1040 3544 10
1059 3505 1148 3570 angu-

134 3561 192 3617 stia
205 3563 235 3617 D
276 3493 445 3616 famdlorum
463 3579 553 3618 ornnes
567 3568 677 3631 praeter
686 3562 756 3616 DH
766 3533 775 3632 ll
790 3568 821 3615 11
842 3578 927 3633 opera
941 3560 1011 3617 DH
1026 3559 1032 3634 Ι
1052 3562 1147 3629 potrus

198 3634 263 3704 ΗΙ
286 3639 319 3687 12
339 3632 459 3704 contigit
477 3650 567 3689 orraea
581 3639 691 3702 praeter
709 3633 778 3686 DH
788 3635 798 3702 ΙΙ
812 3640 846 3687 14
865 3632 989 3702 siquid'
977 3651 988 3685 1
