2524 3946
458 205 576 263 AGBIG.
591 205 618 262 II
632 213 737 262 15-18

279 458 339 552 ΕΕ
365 457 606 525 SIGNANDIS
629 457 909 525 ANIMALIBVS

139 565 197 631 ΕΤ
220 563 358 632 LARDI
381 564 438 630 ΕΤ
461 563 712 630 PERNARVM
735 564 1048 634 CONFEOTIONE

354 672 411 738 ΕΤ
433 669 590 738 ΕΟΗΙΝΙ
612 671 671 737 ΕΤ
693 671 832 738 RAPIS.

150 796 224 863 Hoc
244 819 367 881 mense,
387 797 473 863 sicut
492 795 674 863 Columella
691 797 784 882 dicit,
807 798 928 863 maturi
947 799 1026 884 ogni
1072 797 1153 864 XVI

55 891 118 953 eet
154 886 310 952 animalia
342 887 450 952 omnia
479 889 606 952 minore
633 890 732 970 atque
759 887 885 952 maioia
912 886 1098 954 charactere

83 977 267 1062 signentur.
312 976 374 1040 hoc
401 977 548 1058 tempore
576 975 675 1060 lardi,
702 974 809 1040 echini
832 975 921 1061 salsi,
942 999 1098 1060 raporum

83 1064 341 1130 condiendorum
364 1068 397 1129 et
419 1086 594 1149 pernarum
616 1063 705 1130 iusta
728 1064 888 1130 confectio
913 1069 972 1130 est.

370 1293 431 1360 ΒΕ
457 1293 573 1360 OLEO
597 1292 811 1360 MYRTINO.

147 1418 222 1485 Hoc
248 1439 357 1484 mense
380 1419 470 1484 bacis
494 1423 623 1503 myrtae
645 1419 754 1484 oleum
777 1419 928 1484 conficies
950 1419 1013 1485 hoc
1054 1417 1151 1487 XVII

38 1535 65 1575 ιο
79 1509 189 1574 modo.
225 1508 356 1573 unciam
379 1507 533 1574 foliorum
559 1529 619 1591 per
641 1508 705 1572 olei
727 1530 825 1572 unam
849 1508 967 1573 libram
987 1508 1098 1574 mittes

80 1603 115 1663 et
139 1620 201 1683 per
222 1597 335 1662 uncias
359 1596 470 1662 decem
492 1597 562 1661 uini
585 1596 706 1662 ueteris
726 1597 859 1681 styptici
879 1596 1047 1662 heminam
1065 1604 1099 1662 et

80 1709 155 1754 cum
185 1686 258 1751 oleo
287 1685 405 1751 bullire
432 1685 542 1750 facies
588 1685 708 1751 idcirco
736 1689 846 1750 autem
870 1685 947 1751 uino
973 1707 1098 1770 resper-

79 1779 203 1862 guntur
226 1774 320 1860 folia,
341 1797 383 1839 ne
406 1773 585 1860 frigantur,
610 1778 785 1858 antequam
810 1775 1041 1860 decoquantur.

374 2003 434 2068 DE
458 2002 801 2070 VINO‘MYRTITE.

35 2155 61 2194 15
143 2127 229 2194 Item
254 2129 376 2193 eisdem
398 2129 488 2193 bacis
510 2128 624 2192 uinum
647 2128 781 2214 myrtite
806 2130 852 2194 sic
874 2129 983 2197 facies.
1028 2129 1143 2196 XVIII

75 2219 111 2284 in
138 2217 210 2284 uini
236 2217 359 2282 ueteris
386 2217 538 2282 sextariis
564 2217 687 2282 urbicis
714 2219 825 2284 decem
848 2217 961 2284 mittes
984 2241 1088 2306 grana

76 2311 206 2392 myrtae
239 2305 405 2372 confracta
437 2305 596 2372 sextarios
627 2305 757 2372 urbicos
789 2311 874 2390 tres,
906 2328 987 2392 quae
1020 2309 1089 2374 sint

76 2398 189 2462 decem
212 2399 246 2461 et
267 2417 387 2460 nouem
405 2395 517 2460 diebus
536 2395 653 2460 iniirsa.
688 2399 804 2480 postea
823 2397 985 2480 expressis
1002 2421 1086 2483 myr-

75 2490 130 2550 tae
158 2484 270 2570 granis
298 2484 422 2549 colabis
451 2486 485 2547 et
511 2484 546 2548 in
574 2505 612 2548 eo
636 2483 712 2549 uino
736 2484 878 2550 medium
901 2487 987 2553 croci
1012 2487 1089 2554 scri·

37 2573 193 2659 eopulum
219 2575 253 2637 et
279 2571 352 2637 folii
378 2595 480 2637 unum
508 2571 686 2657 scripulum
713 2573 825 2638 mittes
853 2578 886 2639 et
914 2596 954 2640 ex
980 2576 1087 2640 mellis

76 2662 198 2748 optimi
221 2661 332 2726 decem
354 2661 448 2726 libris
472 2661 581 2725 omnia
604 2662 811 2745 temperabis.

149 2860 166 2908 2
188 2852 237 2908 ΕΤ
254 2851 524 2907 LARIII-RAPIS
543 2870 594 2908 om,
612 2853 643 2908 Ε
667 2855 677 2922 ΙΙ
708 2859 725 2906 3
744 2852 846 2908 OHINI
865 2855 900 2924 Q,
918 2854 1019 2909 ΕΡΙΝΙ
1038 2855 1064 2909 V

74 2924 124 2979 ΕΤ
146 2923 254 2978 RAPIS
277 2940 326 2980 om.
347 2923 373 2977 V
398 2923 401 2997 l
424 2930 440 2978 6
464 2923 612 2994 signantur
633 2924 687 3006 Ε]
713 2924 781 2978 salis
799 2925 831 2979 Ε
854 2926 858 2998 Ι
883 2941 1015 2995 saporum
1031 2926 1063 2980 Ε

74 3004 91 3052 9
116 3012 151 3051 ex
178 2993 273 3050 baccis
300 2993 402 3065 (bacis
422 2995 549 3066 Eiacps
573 2999 578 3065 l
602 2997 688 3064 myrtr
708 2996 832 3067 Giacpe
857 3000 861 3066 Ι
887 2995 1008 3050 conficili
1031 2998 1063 3052 Ε

76 3074 112 3123 10
134 3066 275 3122 Uncinam
296 3065 460 3137 (lilibrum
483 3083 569 3120 unam
586 3068 713 3138 Eiocpe
726 3069 736 3136 ΙΙ
749 3066 846 3122 mittas
864 3067 899 3136 P,
922 3067 1016 3122 mittis
1032 3069 1060 3123 L

78 3137 265 3194 VSETGF
288 3140 299 3208 ΙΙ
325 3143 357 3192 11
382 3137 432 3190 uni
451 3137 507 3207 Pp
536 3141 540 3207 ι
569 3137 671 3208 stypici
689 3139 739 3209 ΕΙΙ
753 3144 786 3193 12
807 3137 909 3192 iccirco
932 3140 986 3196 iac
1015 3143 1019 3210 Ι
1048 3156 1091 3194 re-

73 3210 316 3352 cautum
334 3208 1092 3362 recurret-,ultr'retruserat

75 3358 109 3407 lt
136 3353 260 3422 myrteto
284 3297 323 3420 ἕ,
350 3298 552 3420 myrciumn
576 3354 586 3422 ΙΙ
613 3357 650 3406 lt
674 3350 764 3406 mittis
792 3367 882 3407 cartes
913 3354 984 3422 1117
1011 3352 1089 3406 mirtr

74 3423 184 3494 (myrti)
200 3421 326 3494 Giacqr
339 3423 348 3492 l
361 3421 496 3476 sextarios
510 3422 621 3478 urbicos
635 3425 692 3476 tres
706 3439 756 3477 om.
768 3439 791 3491 p
803 3424 813 3493 ΙΙ
827 3428 861 3477 18
879 3423 981 3478 mirtae
994 3421 1090 3494 granis

74 3512 126 3551 om.
145 3512 181 3564 p,
204 3492 290 3562 myrti
309 3494 403 3563 proco.
420 3493 544 3565 Giccqs
556 3497 569 3564 li
580 3500 613 3548 19
634 3493 750 3548 bacchis
765 3510 819 3562 pro
837 3493 944 3548 colabis
959 3512 981 3564 p
996 3496 1001 3564 Ι
1018 3510 1091 3548 soru-

74 3565 178 3637 pulum
196 3565 323 3637 Eiocps
335 3567 345 3636 u
359 3570 396 3618 20
411 3563 502 3619 mittis
521 3581 611 3621 muer

894 3651 930 3706 52
