<?xml version="1.0" encoding="UTF-8"?>
<!DOCTYPE html PUBLIC "-//W3C//DTD XHTML 1.0 Transitional//EN"
    "http://www.w3.org/TR/xhtml1/DTD/xhtml1-transitional.dtd">
<html xmlns="http://www.w3.org/1999/xhtml" xml:lang="en" lang="en">
 <head>
  <title>
</title>
<meta http-equiv="Content-Type" content="text/html;charset=utf-8" />
  <meta name='ocr-system' content='tesseract 3.04.00' />
  <meta name='ocr-capabilities' content='ocr_page ocr_carea ocr_par ocr_line ocrx_word'/>
</head>
<body>
  <div class='ocr_page' id='page_1' title='image "./palladiirutilii01pallgoog_0022.png"; bbox 0 0 2556 3942; ppageno 0'>
   <div class='ocr_carea' id='block_1_1' title="bbox 115 628 1077 716">
    <p class='ocr_par' dir='ltr' id='par_1_1' title="bbox 115 628 1077 716">
     <span class='ocr_line' id='line_1_1' title="bbox 115 628 1077 716; baseline -0.001 0"><span class='ocrx_word' id='word_1_1' title='bbox 115 630 361 716; x_wconf 83' lang='lat' dir='ltr'>PALLADII</span> <span class='ocrx_word' id='word_1_2' title='bbox 389 631 587 715; x_wconf 77' lang='lat' dir='ltr'>RVTILII</span> <span class='ocrx_word' id='word_1_3' title='bbox 615 628 765 715; x_wconf 75' lang='lat' dir='ltr'>ulval</span> <span class='ocrx_word' id='word_1_4' title='bbox 797 630 1077 715; x_wconf 72' lang='lat' dir='ltr'>AEMILIAM</span> 
     </span>
    </p>
   </div>
   <div class='ocr_carea' id='block_1_2' title="bbox 419 762 767 932">
    <p class='ocr_par' dir='ltr' id='par_1_2' title="bbox 419 762 767 932">
     <span class='ocr_line' id='line_1_2' title="bbox 419 762 767 830; baseline 0.006 -2"><span class='ocrx_word' id='word_1_5' title='bbox 419 763 516 829; x_wconf 86' lang='lat' dir='ltr'>VIRI</span> <span class='ocrx_word' id='word_1_6' title='bbox 533 762 767 830; x_wconf 81' lang='lat' dir='ltr'>INLVSTRIS</span> 
     </span>
     <span class='ocr_line' id='line_1_3' title="bbox 549 877 641 932; baseline 0 0"><span class='ocrx_word' id='word_1_7' title='bbox 549 877 641 932; x_wconf 85' lang='lat' dir='ltr'>OPVS</span> 
     </span>
    </p>
   </div>
   <div class='ocr_carea' id='block_1_3' title="bbox 56 981 834 1216">
    <p class='ocr_par' dir='ltr' id='par_1_3' title="bbox 56 981 834 1216">
     <span class='ocr_line' id='line_1_4' title="bbox 349 981 834 1054; baseline 0.002 -1"><span class='ocrx_word' id='word_1_8' title='bbox 349 981 834 1054; x_wconf 81' lang='lat' dir='ltr'>AGRIOVLTVRAE.</span> 
     </span>
     <span class='ocr_line' id='line_1_5' title="bbox 56 1141 774 1216; baseline -0.003 0"><span class='ocrx_word' id='word_1_9' title='bbox 56 1179 68 1216; x_wconf 74' lang='lat'>⁵</span> <span class='ocrx_word' id='word_1_10' title='bbox 412 1142 558 1214; x_wconf 81' lang='lat' dir='ltr'>LIBER</span> <span class='ocrx_word' id='word_1_11' title='bbox 585 1141 774 1215; x_wconf 83' lang='lat' dir='ltr'>PRIMVS.</span> 
     </span>
    </p>
   </div>
   <div class='ocr_carea' id='block_1_4' title="bbox 510 1400 677 1455">
    <p class='ocr_par' dir='ltr' id='par_1_4' title="bbox 510 1400 677 1455">
     <span class='ocr_line' id='line_1_6' title="bbox 510 1400 677 1455; baseline 0.006 -1"><span class='ocrx_word' id='word_1_12' title='bbox 510 1400 677 1455; x_wconf 85' lang='lat' dir='ltr'>TITVLI.</span> 
     </span>
    </p>
   </div>
   <div class='ocr_carea' id='block_1_5' title="bbox 152 1510 1100 1694">
    <p class='ocr_par' dir='ltr' id='par_1_5' title="bbox 152 1510 1100 1694">
     <span class='ocr_line' id='line_1_7' title="bbox 170 1510 719 1598; baseline -0.002 -21"><span class='ocrx_word' id='word_1_13' title='bbox 170 1513 186 1577; x_wconf 93' lang='lat' dir='ltr'>I</span> <span class='ocrx_word' id='word_1_14' title='bbox 219 1512 269 1577; x_wconf 94' lang='lat' dir='ltr'>De</span> <span class='ocrx_word' id='word_1_15' title='bbox 292 1511 476 1598; x_wconf 75' lang='lat' dir='ltr'>praeceptis</span> <span class='ocrx_word' id='word_1_16' title='bbox 499 1511 547 1576; x_wconf 90' lang='lat' dir='ltr'>rei</span> <span class='ocrx_word' id='word_1_17' title='bbox 570 1510 719 1576; x_wconf 79' lang='lat' dir='ltr'>rusticae.</span> 
     </span>
     <span class='ocr_line' id='line_1_8' title="bbox 152 1597 1100 1694; baseline -0.002 -27"><span class='ocrx_word' id='word_1_18' title='bbox 152 1602 186 1667; x_wconf 94' lang='grc' dir='ltr'>Π</span> <span class='ocrx_word' id='word_1_19' title='bbox 219 1601 268 1666; x_wconf 98' lang='grc' dir='ltr'>ΒΘ</span> <span class='ocrx_word' id='word_1_20' title='bbox 288 1605 444 1686; x_wconf 90' lang='lat' dir='ltr'>quattuor</span> <span class='ocrx_word' id='word_1_21' title='bbox 462 1601 570 1685; x_wconf 86' lang='lat' dir='ltr'>rebus,</span> <span class='ocrx_word' id='word_1_22' title='bbox 588 1600 706 1684; x_wconf 88' lang='lat' dir='ltr'>quibus</span> <span class='ocrx_word' id='word_1_23' title='bbox 724 1597 926 1694; x_wconf 82' lang='lat' dir='ltr'>agricultura</span> <span class='ocrx_word' id='word_1_24' title='bbox 940 1601 1100 1666; x_wconf 75' lang='lat' dir='ltr'><strong>consistit.</strong></span> 
     </span>
    </p>
   </div>
   <div class='ocr_carea' id='block_1_6' title="bbox 44 1689 1102 2911">
    <p class='ocr_par' dir='ltr' id='par_1_6' title="bbox 44 1689 1102 2911">
     <span class='ocr_line' id='line_1_9' title="bbox 133 1689 600 1774; baseline -0.009 -18"><span class='ocrx_word' id='word_1_25' title='bbox 133 1691 185 1756; x_wconf 93' lang='lat' dir='ltr'>III</span> <span class='ocrx_word' id='word_1_26' title='bbox 216 1690 266 1755; x_wconf 94' lang='lat' dir='ltr'>De</span> <span class='ocrx_word' id='word_1_27' title='bbox 290 1690 374 1755; x_wconf 87' lang='lat' dir='ltr'>aeris</span> <span class='ocrx_word' id='word_1_28' title='bbox 397 1689 600 1774; x_wconf 89' lang='lat' dir='ltr'>probatione.</span> 
     </span>
     <span class='ocr_line' id='line_1_10' title="bbox 47 1779 576 1863; baseline -0.009 -17"><span class='ocrx_word' id='word_1_29' title='bbox 47 1808 71 1846; x_wconf 79' lang='grc' dir='ltr'>ιο</span> <span class='ocrx_word' id='word_1_30' title='bbox 116 1780 185 1846; x_wconf 90' lang='lat' dir='ltr'>IIII</span> <span class='ocrx_word' id='word_1_31' title='bbox 217 1779 267 1844; x_wconf 94' lang='lat' dir='ltr'>De</span> <span class='ocrx_word' id='word_1_32' title='bbox 291 1800 376 1863; x_wconf 89' lang='lat' dir='ltr'>aqua</span> <span class='ocrx_word' id='word_1_33' title='bbox 399 1779 576 1862; x_wconf 87' lang='lat' dir='ltr'>probanda.</span> 
     </span>
     <span class='ocr_line' id='line_1_11' title="bbox 154 1868 644 1952; baseline -0.006 -18"><span class='ocrx_word' id='word_1_34' title='bbox 154 1869 186 1934; x_wconf 94' lang='lat' dir='ltr'><strong>V</strong></span> <span class='ocrx_word' id='word_1_35' title='bbox 221 1868 269 1932; x_wconf 87' lang='lat' dir='ltr'>Dc</span> <span class='ocrx_word' id='word_1_36' title='bbox 292 1868 451 1952; x_wconf 75' lang='lat' dir='ltr'>qualitate</span> <span class='ocrx_word' id='word_1_37' title='bbox 474 1870 644 1932; x_wconf 85' lang='lat' dir='ltr'>terrarum.</span> 
     </span>
     <span class='ocr_line' id='line_1_12' title="bbox 135 1956 1101 2023; baseline -0.002 -1"><span class='ocrx_word' id='word_1_38' title='bbox 135 1957 186 2023; x_wconf 90' lang='lat' dir='ltr'>VI</span> <span class='ocrx_word' id='word_1_39' title='bbox 219 1956 268 2021; x_wconf 91' lang='lat' dir='ltr'>De</span> <span class='ocrx_word' id='word_1_40' title='bbox 292 1956 455 2021; x_wconf 85' lang='lat' dir='ltr'>industria</span> <span class='ocrx_word' id='word_1_41' title='bbox 478 1961 512 2020; x_wconf 94' lang='lat' dir='ltr'>et</span> <span class='ocrx_word' id='word_1_42' title='bbox 538 1956 730 2021; x_wconf 86' lang='lat' dir='ltr'>necessariis</span> <span class='ocrx_word' id='word_1_43' title='bbox 755 1957 795 2020; x_wconf 89' lang='lat' dir='ltr'>ad</span> <span class='ocrx_word' id='word_1_44' title='bbox 818 1978 896 2020; x_wconf 90' lang='lat' dir='ltr'>rura</span> <span class='ocrx_word' id='word_1_45' title='bbox 920 1957 1101 2021; x_wconf 83' lang='lat' dir='ltr'>sententiis.</span> 
     </span>
     <span class='ocr_line' id='line_1_13' title="bbox 120 2045 722 2131; baseline -0.007 -20"><span class='ocrx_word' id='word_1_46' title='bbox 120 2046 187 2112; x_wconf 89' lang='lat' dir='ltr'>VII</span> <span class='ocrx_word' id='word_1_47' title='bbox 220 2045 269 2110; x_wconf 90' lang='grc' dir='ltr'>ΒΘ</span> <span class='ocrx_word' id='word_1_48' title='bbox 294 2045 366 2131; x_wconf 81' lang='lat' dir='ltr'>agri</span> <span class='ocrx_word' id='word_1_49' title='bbox 389 2045 547 2109; x_wconf 84' lang='lat' dir='ltr'>electione</span> <span class='ocrx_word' id='word_1_50' title='bbox 570 2046 624 2110; x_wconf 90' lang='lat' dir='ltr'>uel</span> <span class='ocrx_word' id='word_1_51' title='bbox 647 2045 691 2108; x_wconf 88' lang='lat' dir='ltr'>sit</span> <span class='ocrx_word' id='word_1_52' title='bbox 715 2096 722 2108; x_wconf 88' lang='lat'><strong>.</strong></span> 
     </span>
     <span class='ocr_line' id='line_1_14' title="bbox 103 2134 448 2201; baseline -0.012 0"><span class='ocrx_word' id='word_1_53' title='bbox 103 2134 188 2201; x_wconf 85' lang='lat' dir='ltr'>VIII</span> <span class='ocrx_word' id='word_1_54' title='bbox 219 2134 268 2199; x_wconf 92' lang='lat' dir='ltr'>De</span> <span class='ocrx_word' id='word_1_55' title='bbox 292 2134 448 2199; x_wconf 87' lang='lat' dir='ltr'>aedificio.</span> 
     </span>
     <span class='ocr_line' id='line_1_15' title="bbox 46 2220 1102 2307; baseline -0.004 -16"><span class='ocrx_word' id='word_1_56' title='bbox 46 2252 70 2291; x_wconf 62' lang='grc' dir='ltr'>ιε</span> <span class='ocrx_word' id='word_1_57' title='bbox 85 2223 189 2291; x_wconf 89' lang='lat' dir='ltr'>VIIII</span> <span class='ocrx_word' id='word_1_58' title='bbox 220 2223 270 2288; x_wconf 91' lang='lat' dir='ltr'>De</span> <span class='ocrx_word' id='word_1_59' title='bbox 297 2222 444 2287; x_wconf 90' lang='lat' dir='ltr'>hibernis</span> <span class='ocrx_word' id='word_1_60' title='bbox 476 2227 510 2286; x_wconf 88' lang='lat' dir='ltr'>et</span> <span class='ocrx_word' id='word_1_61' title='bbox 538 2221 671 2286; x_wconf 90' lang='lat' dir='ltr'>aestiuis</span> <span class='ocrx_word' id='word_1_62' title='bbox 700 2220 925 2287; x_wconf 89' lang='lat' dir='ltr'>mansionibus</span> <span class='ocrx_word' id='word_1_63' title='bbox 955 2225 988 2285; x_wconf 91' lang='lat' dir='ltr'>et</span> <span class='ocrx_word' id='word_1_64' title='bbox 1012 2222 1102 2307; x_wconf 91' lang='lat' dir='ltr'>paui·</span> 
     </span>
     <span class='ocr_line' id='line_1_16' title="bbox 221 2312 349 2376; baseline -0.008 0"><span class='ocrx_word' id='word_1_65' title='bbox 221 2312 349 2376; x_wconf 87' lang='lat' dir='ltr'>mentis.</span> 
     </span>
     <span class='ocr_line' id='line_1_17' title="bbox 155 2400 591 2466; baseline 0 0"><span class='ocrx_word' id='word_1_66' title='bbox 155 2400 187 2466; x_wconf 89' lang='lat' dir='ltr'>X</span> <span class='ocrx_word' id='word_1_67' title='bbox 221 2401 269 2466; x_wconf 88' lang='lat' dir='ltr'>De</span> <span class='ocrx_word' id='word_1_68' title='bbox 294 2400 380 2466; x_wconf 87' lang='lat' dir='ltr'>calce</span> <span class='ocrx_word' id='word_1_69' title='bbox 404 2404 438 2463; x_wconf 91' lang='lat' dir='ltr'>et</span> <span class='ocrx_word' id='word_1_70' title='bbox 460 2400 591 2466; x_wconf 86' lang='lat' dir='ltr'>harena.</span> 
     </span>
     <span class='ocr_line' id='line_1_18' title="bbox 137 2487 663 2573; baseline -0.004 -18"><span class='ocrx_word' id='word_1_71' title='bbox 137 2490 187 2555; x_wconf 88' lang='lat' dir='ltr'>XI</span> <span class='ocrx_word' id='word_1_72' title='bbox 219 2489 269 2554; x_wconf 91' lang='lat' dir='ltr'>De</span> <span class='ocrx_word' id='word_1_73' title='bbox 292 2487 449 2554; x_wconf 89' lang='lat' dir='ltr'>latericiis</span> <span class='ocrx_word' id='word_1_74' title='bbox 472 2487 663 2573; x_wconf 88' lang='lat' dir='ltr'>parietibus.</span> 
     </span>
     <span class='ocr_line' id='line_1_19' title="bbox 121 2577 677 2644; baseline -0.004 0"><span class='ocrx_word' id='word_1_75' title='bbox 121 2579 188 2644; x_wconf 90' lang='lat' dir='ltr'>XII</span> <span class='ocrx_word' id='word_1_76' title='bbox 220 2577 270 2643; x_wconf 87' lang='lat' dir='ltr'>Dc</span> <span class='ocrx_word' id='word_1_77' title='bbox 293 2577 415 2642; x_wconf 92' lang='lat' dir='ltr'>lumine</span> <span class='ocrx_word' id='word_1_78' title='bbox 439 2581 473 2642; x_wconf 90' lang='lat' dir='ltr'>et</span> <span class='ocrx_word' id='word_1_79' title='bbox 496 2577 677 2642; x_wconf 87' lang='lat' dir='ltr'>altitudine.</span> 
     </span>
     <span class='ocr_line' id='line_1_20' title="bbox 44 2667 619 2740; baseline -0.009 -5"><span class='ocrx_word' id='word_1_80' title='bbox 44 2697 69 2735; x_wconf 80' lang='lat' dir='ltr'>ao</span> <span class='ocrx_word' id='word_1_81' title='bbox 104 2667 188 2734; x_wconf 90' lang='lat' dir='ltr'>XIII</span> <span class='ocrx_word' id='word_1_82' title='bbox 220 2667 269 2732; x_wconf 92' lang='lat' dir='ltr'>De</span> <span class='ocrx_word' id='word_1_83' title='bbox 293 2667 430 2740; x_wconf 67' lang='lat' dir='ltr'>cametis</span> <span class='ocrx_word' id='word_1_84' title='bbox 454 2667 619 2732; x_wconf 89' lang='lat' dir='ltr'>canniciis.</span> 
     </span>
     <span class='ocr_line' id='line_1_21' title="bbox 87 2755 547 2841; baseline -0.011 -17"><span class='ocrx_word' id='word_1_85' title='bbox 87 2757 189 2824; x_wconf 87' lang='lat' dir='ltr'>XIIII</span> <span class='ocrx_word' id='word_1_86' title='bbox 218 2755 268 2822; x_wconf 92' lang='lat' dir='ltr'>De</span> <span class='ocrx_word' id='word_1_87' title='bbox 293 2778 388 2841; x_wconf 90' lang='lat' dir='ltr'>opere</span> <span class='ocrx_word' id='word_1_88' title='bbox 413 2755 547 2819; x_wconf 87' lang='lat' dir='ltr'>albario.</span> 
     </span>
     <span class='ocr_line' id='line_1_22' title="bbox 123 2842 447 2911; baseline -0.006 0"><span class='ocrx_word' id='word_1_89' title='bbox 123 2846 188 2911; x_wconf 87' lang='lat' dir='ltr'>XV</span> <span class='ocrx_word' id='word_1_90' title='bbox 220 2844 269 2910; x_wconf 93' lang='grc' dir='ltr'>ΒΘ</span> <span class='ocrx_word' id='word_1_91' title='bbox 293 2842 447 2910; x_wconf 87' lang='lat' dir='ltr'>tectoriis.</span> 
     </span>
    </p>
   </div>
   <div class='ocr_carea' id='block_1_7' title="bbox 82 3000 1227 3643">
    <p class='ocr_par' dir='ltr' id='par_1_7' title="bbox 82 3000 1227 3572">
     <span class='ocr_line' id='line_1_23' title="bbox 157 3000 1098 3069; baseline -0.001 -12"><span class='ocrx_word' id='word_1_92' title='bbox 157 3010 171 3057; x_wconf 95' lang='lat'>1</span> <span class='ocrx_word' id='word_1_93' title='bbox 183 3001 342 3056; x_wconf 82' lang='lat' dir='ltr'>PALLADI</span> <span class='ocrx_word' id='word_1_94' title='bbox 356 3001 420 3069; x_wconf 75' lang='lat' dir='ltr'>VG,</span> <span class='ocrx_word' id='word_1_95' title='bbox 430 3001 479 3054; x_wconf 85' lang='lat' dir='ltr'>DE</span> <span class='ocrx_word' id='word_1_96' title='bbox 490 3000 676 3055; x_wconf 80' lang='lat' dir='ltr'>GENERALI</span> <span class='ocrx_word' id='word_1_97' title='bbox 685 3000 823 3055; x_wconf 82' lang='lat' dir='ltr'>POEPTO</span> <span class='ocrx_word' id='word_1_98' title='bbox 834 3000 1098 3057; x_wconf 78' lang='lat' dir='ltr'>AGRIOVLTVRE.</span> 
     </span>
     <span class='ocr_line' id='line_1_24' title="bbox 82 3072 1100 3196; baseline -0.001 -67"><span class='ocrx_word' id='word_1_99' title='bbox 82 3073 258 3129; x_wconf 78' lang='lat' dir='ltr'><strong>PALLADE</strong></span> <span class='ocrx_word' id='word_1_100' title='bbox 271 3073 293 3128; x_wconf 77' lang='lat' dir='ltr'><strong><em>S</em></strong></span> <span class='ocrx_word' id='word_1_101' title='bbox 308 3076 312 3142; x_wconf 76' lang='lat' dir='ltr'>l</span> <span class='ocrx_word' id='word_1_102' title='bbox 328 3072 450 3126; x_wconf 85' lang='lat' dir='ltr'>RUTILI</span> <span class='ocrx_word' id='word_1_103' title='bbox 464 3073 525 3140; x_wconf 82' lang='lat' dir='ltr'>VS,</span> <span class='ocrx_word' id='word_1_104' title='bbox 544 3073 680 3127; x_wconf 80' lang='lat' dir='ltr'>RUTULI</span> <span class='ocrx_word' id='word_1_105' title='bbox 697 3073 732 3141; x_wconf 81' lang='lat' dir='ltr'>G,</span> <span class='ocrx_word' id='word_1_106' title='bbox 751 3075 850 3127; x_wconf 78' lang='lat' dir='ltr'>omittit</span> <span class='ocrx_word' id='word_1_107' title='bbox 868 3073 916 3196; x_wconf 47' lang='lat' dir='ltr'>Ed</span> <span class='ocrx_word' id='word_1_108' title='bbox 932 3072 1100 3128; x_wconf 83' lang='lat' dir='ltr'>EMILIANI</span> 
     </span>
     <span class='ocr_line' id='line_1_25' title="bbox 85 3142 1099 3216; baseline -0.001 -16"><span class='ocrx_word' id='word_1_109' title='bbox 85 3147 195 3216; x_wconf 74' lang='lat' dir='ltr'>QTllt</span> <span class='ocrx_word' id='word_1_110' title='bbox 215 3144 257 3197; x_wconf 89' lang='lat' dir='ltr'>De</span> <span class='ocrx_word' id='word_1_111' title='bbox 280 3145 357 3214; x_wconf 66' lang='lat' dir='ltr'>Vll</span> <span class='ocrx_word' id='word_1_112' title='bbox 374 3142 632 3198; x_wconf 79' lang='lat' dir='ltr'>AGRIOULTVRE</span> <span class='ocrx_word' id='word_1_113' title='bbox 657 3146 688 3213; x_wconf 85' lang='lat' dir='ltr'>V,</span> <span class='ocrx_word' id='word_1_114' title='bbox 706 3142 889 3198; x_wconf 79' lang='lat' dir='ltr'>AGRIOULT</span> <span class='ocrx_word' id='word_1_115' title='bbox 916 3143 963 3196; x_wconf 87' lang='lat' dir='ltr'>RE</span> <span class='ocrx_word' id='word_1_116' title='bbox 983 3145 1014 3198; x_wconf 84' lang='lat' dir='ltr'><em>F</em></span> <span class='ocrx_word' id='word_1_117' title='bbox 1028 3147 1031 3216; x_wconf 72' lang='lat' dir='ltr'>l</span> <span class='ocrx_word' id='word_1_118' title='bbox 1047 3146 1099 3199; x_wconf 93' lang='lat' dir='ltr'>IN-</span> 
     </span>
     <span class='ocr_line' id='line_1_26' title="bbox 83 3214 1100 3284; baseline 0 -13"><span class='ocrx_word' id='word_1_119' title='bbox 83 3216 179 3271; x_wconf 87' lang='lat' dir='ltr'>CIPIT</span> <span class='ocrx_word' id='word_1_120' title='bbox 194 3215 384 3270; x_wconf 84' lang='lat' dir='ltr'>FELICITER</span> <span class='ocrx_word' id='word_1_121' title='bbox 402 3215 510 3270; x_wconf 73' lang='lat' dir='ltr'>addam</span> <span class='ocrx_word' id='word_1_122' title='bbox 528 3215 650 3284; x_wconf 75' lang='lat' dir='ltr'><strong><em>QVSG,</em></strong></span> <span class='ocrx_word' id='word_1_123' title='bbox 666 3214 799 3269; x_wconf 80' lang='lat' dir='ltr'>INCIPIT</span> <span class='ocrx_word' id='word_1_124' title='bbox 820 3214 914 3269; x_wconf 84' lang='lat' dir='ltr'>TEF</span> <span class='ocrx_word' id='word_1_125' title='bbox 924 3218 933 3283; x_wconf 77' lang='grc' dir='ltr'>ΙΙ</span> <span class='ocrx_word' id='word_1_126' title='bbox 948 3220 963 3267; x_wconf 86' lang='grc'>6</span> <span class='ocrx_word' id='word_1_127' title='bbox 979 3216 1100 3271; x_wconf 73' lang='grc' dir='ltr'>ἸῚἹἫᾸ</span> 
     </span>
     <span class='ocr_line' id='line_1_27' title="bbox 84 3285 1100 3358; baseline 0 -16"><span class='ocrx_word' id='word_1_128' title='bbox 84 3287 230 3358; x_wconf 79' lang='lat' dir='ltr'>(TITULI)</span> <span class='ocrx_word' id='word_1_129' title='bbox 253 3286 351 3340; x_wconf 87' lang='lat' dir='ltr'>LIBRI</span> <span class='ocrx_word' id='word_1_130' title='bbox 369 3285 473 3340; x_wconf 86' lang='lat' dir='ltr'>PRIMI</span> <span class='ocrx_word' id='word_1_131' title='bbox 493 3286 615 3355; x_wconf 62' lang='lat' dir='ltr'>QSVR</span> <span class='ocrx_word' id='word_1_132' title='bbox 638 3286 780 3356; x_wconf 89' lang='lat' dir='ltr'>Incipiunt</span> <span class='ocrx_word' id='word_1_133' title='bbox 802 3285 880 3340; x_wconf 89' lang='lat' dir='ltr'>tituli</span> <span class='ocrx_word' id='word_1_134' title='bbox 901 3287 931 3355; x_wconf 88' lang='grc' dir='ltr'>Τ,</span> <span class='ocrx_word' id='word_1_135' title='bbox 957 3287 1100 3357; x_wconf 89' lang='lat' dir='ltr'>Incipiunt</span> 
     </span>
     <span class='ocr_line' id='line_1_28' title="bbox 84 3356 1100 3429; baseline 0 -16"><span class='ocrx_word' id='word_1_136' title='bbox 84 3359 213 3429; x_wconf 90' lang='lat' dir='ltr'>capitula</span> <span class='ocrx_word' id='word_1_137' title='bbox 231 3356 315 3427; x_wconf 85' lang='lat' dir='ltr'>primi</span> <span class='ocrx_word' id='word_1_138' title='bbox 333 3357 401 3411; x_wconf 89' lang='lat' dir='ltr'>libri</span> <span class='ocrx_word' id='word_1_139' title='bbox 419 3358 460 3426; x_wconf 84' lang='lat' dir='ltr'>E,</span> <span class='ocrx_word' id='word_1_140' title='bbox 480 3356 791 3428; x_wconf 85' lang='lat' dir='ltr'>TITVLI-agrestium</span> <span class='ocrx_word' id='word_1_141' title='bbox 810 3374 859 3411; x_wconf 82' lang='lat' dir='ltr'>om.</span> <span class='ocrx_word' id='word_1_142' title='bbox 879 3361 916 3427; x_wconf 80' lang='grc' dir='ltr'>ΘΙΙ</span> <span class='ocrx_word' id='word_1_143' title='bbox 934 3362 950 3410; x_wconf 89' lang='grc'><strong>8</strong></span> <span class='ocrx_word' id='word_1_144' title='bbox 971 3359 1100 3413; x_wconf 87' lang='lat' dir='ltr'>consistit</span> 
     </span>
     <span class='ocr_line' id='line_1_29' title="bbox 86 3428 1227 3500; baseline -0.002 -16"><span class='ocrx_word' id='word_1_145' title='bbox 86 3429 262 3500; x_wconf 77' lang='lat' dir='ltr'>agnicultura</span> <span class='ocrx_word' id='word_1_146' title='bbox 278 3431 304 3482; x_wconf 85' lang='grc' dir='ltr'><em>Τ</em></span> <span class='ocrx_word' id='word_1_147' title='bbox 314 3433 324 3499; x_wconf 83' lang='grc' dir='ltr'>ΙΙ</span> <span class='ocrx_word' id='word_1_148' title='bbox 339 3434 372 3483; x_wconf 87' lang='grc'>13</span> <span class='ocrx_word' id='word_1_149' title='bbox 391 3429 438 3482; x_wconf 91' lang='lat' dir='ltr'>uel</span> <span class='ocrx_word' id='word_1_150' title='bbox 454 3430 505 3498; x_wconf 88' lang='lat' dir='ltr'>(et)</span> <span class='ocrx_word' id='word_1_151' title='bbox 522 3445 543 3496; x_wconf 81' lang='lat' dir='ltr'>a,</span> <span class='ocrx_word' id='word_1_152' title='bbox 564 3430 592 3482; x_wconf 88' lang='lat' dir='ltr'>et</span> <span class='ocrx_word' id='word_1_153' title='bbox 610 3431 651 3498; x_wconf 77' lang='lat' dir='ltr'>ia,</span> <span class='ocrx_word' id='word_1_154' title='bbox 671 3428 717 3483; x_wconf 88' lang='lat' dir='ltr'>uel</span> <span class='ocrx_word' id='word_1_155' title='bbox 736 3428 793 3481; x_wconf 91' lang='lat' dir='ltr'>situ</span> <span class='ocrx_word' id='word_1_156' title='bbox 811 3444 861 3482; x_wconf 85' lang='lat' dir='ltr'>om.</span> <span class='ocrx_word' id='word_1_157' title='bbox 881 3429 912 3483; x_wconf 84' lang='lat' dir='ltr'><strong><em>E</em></strong></span> <span class='ocrx_word' id='word_1_158' title='bbox 923 3432 932 3498; x_wconf 72' lang='lat' dir='ltr'>ll</span> <span class='ocrx_word' id='word_1_159' title='bbox 948 3434 980 3483; x_wconf 80' lang='lat'>15</span> <span class='ocrx_word' id='word_1_160' title='bbox 999 3430 1098 3487; x_wconf 84' lang='lat' dir='ltr'>estiuis</span> <span class='ocrx_word' id='word_1_161' title='bbox 1225 3485 1227 3490; x_wconf 73' lang='grc'>,</span> 
     </span>
     <span class='ocr_line' id='line_1_30' title="bbox 85 3499 1098 3572; baseline 0 -16"><span class='ocrx_word' id='word_1_162' title='bbox 85 3505 114 3555; x_wconf 86' lang='lat' dir='ltr'>et</span> <span class='ocrx_word' id='word_1_163' title='bbox 130 3499 267 3572; x_wconf 79' lang='lat' dir='ltr'>hybernis</span> <span class='ocrx_word' id='word_1_164' title='bbox 286 3502 312 3553; x_wconf 84' lang='lat' dir='ltr'><em>T</em></span> <span class='ocrx_word' id='word_1_165' title='bbox 323 3503 331 3568; x_wconf 89' lang='lat' dir='ltr'>l</span> <span class='ocrx_word' id='word_1_166' title='bbox 346 3507 378 3554; x_wconf 82' lang='grc'>17</span> <span class='ocrx_word' id='word_1_167' title='bbox 400 3517 487 3554; x_wconf 86' lang='lat' dir='ltr'>arana</span> <span class='ocrx_word' id='word_1_168' title='bbox 503 3499 529 3554; x_wconf 81' lang='lat' dir='ltr'><strong><em>G</em></strong></span> <span class='ocrx_word' id='word_1_169' title='bbox 547 3501 576 3569; x_wconf 85' lang='lat' dir='ltr'>(h</span> <span class='ocrx_word' id='word_1_170' title='bbox 595 3501 778 3570; x_wconf 75' lang='lat' dir='ltr'>superscript.)</span> <span class='ocrx_word' id='word_1_171' title='bbox 793 3501 802 3568; x_wconf 84' lang='grc' dir='ltr'>ΙΙ</span> <span class='ocrx_word' id='word_1_172' title='bbox 817 3505 851 3552; x_wconf 77' lang='lat'>20</span> <span class='ocrx_word' id='word_1_173' title='bbox 871 3502 899 3555; x_wconf 88' lang='lat' dir='ltr'>et</span> <span class='ocrx_word' id='word_1_174' title='bbox 914 3499 1050 3554; x_wconf 89' lang='lat' dir='ltr'>canniciis</span> <span class='ocrx_word' id='word_1_175' title='bbox 1063 3519 1098 3570; x_wconf 76' lang='lat' dir='ltr'>pa</span> 
     </span>
    </p>

    <p class='ocr_par' dir='ltr' id='par_1_8' title="bbox 156 3572 835 3643">
     <span class='ocr_line' id='line_1_31' title="bbox 156 3572 835 3643; baseline -0.006 -15"><span class='ocrx_word' id='word_1_176' title='bbox 156 3574 213 3643; x_wconf 89' lang='lat' dir='ltr'>(De</span> <span class='ocrx_word' id='word_1_177' title='bbox 231 3573 369 3627; x_wconf 78' lang='lat' dir='ltr'>codicibus</span> <span class='ocrx_word' id='word_1_178' title='bbox 387 3573 414 3626; x_wconf 94' lang='lat' dir='ltr'><strong><em>P</em></strong></span> <span class='ocrx_word' id='word_1_179' title='bbox 431 3578 455 3627; x_wconf 82' lang='lat' dir='ltr'>et</span> <span class='ocrx_word' id='word_1_180' title='bbox 469 3572 495 3626; x_wconf 89' lang='lat' dir='ltr'><strong><em>L</em></strong></span> <span class='ocrx_word' id='word_1_181' title='bbox 513 3573 606 3626; x_wconf 75' lang='lat' dir='ltr'>uideas</span> <span class='ocrx_word' id='word_1_182' title='bbox 616 3572 835 3641; x_wconf 73' lang='lat' dir='ltr'>praefationem.)</span> 
     </span>
    </p>
   </div>
   <div class='ocr_carea' id='block_1_8' title="bbox 138 3665 936 3714">
    <p class='ocr_par' dir='ltr' id='par_1_9' title="bbox 138 3665 936 3714">
     <span class='ocr_line' id='line_1_32' title="bbox 138 3665 936 3714; baseline -0.001 -2"><span class='ocrx_word' id='word_1_183' title='bbox 138 3673 283 3713; x_wconf 70' lang='lat' dir='ltr'>Pnnnsnws</span> <span class='ocrx_word' id='word_1_184' title='bbox 297 3672 332 3714; x_wconf 82' lang='lat' dir='ltr'>cd.</span> <span class='ocrx_word' id='word_1_185' title='bbox 343 3671 472 3713; x_wconf 82' lang='lat' dir='ltr'>Schmltt.</span> <span class='ocrx_word' id='word_1_186' title='bbox 923 3665 936 3711; x_wconf 94' lang='grc'>1</span> 
     </span>
    </p>
   </div>
   <div class='ocr_carea' id='block_1_9' title="bbox 0 0 1282 3942">
    <p class='ocr_par' dir='ltr' id='par_1_10' title="bbox 0 0 1282 3942">
     <span class='ocr_line' id='line_1_33' title="bbox 0 0 1282 3942; baseline 0 1"><span class='ocrx_word' id='word_1_187' title='bbox 0 0 1282 3942; x_wconf 95' lang='lat' dir='ltr'> </span> 
     </span>
    </p>
   </div>
  </div>
 </body>
</html>
