2556 3942
182 215 226 280 32
605 214 775 268 Pmnnnn

183 361 272 425 intus
295 360 447 444 pascendi
471 364 557 444 sunt,
580 364 695 445 postea
713 382 826 425 sereno
846 382 902 425 eos
921 360 1102 445 poterimus
1123 359 1196 424 edu·

184 471 270 534 oere,
296 449 353 514 ubi
381 450 488 515 urtica
510 471 577 514 non
599 449 711 533 fuerit,
740 451 832 514 ouius
846 449 985 520 ¹aculeos
1008 447 1197 513 formidant.

184 542 340 623 quattuor
372 560 521 603 mensum
553 538 635 602 bene
664 539 871 623 saginantur:
906 559 983 602 nam
1015 537 1133 602 melius
1163 537 1196 601 in

184 631 297 692 tenera
320 631 428 692 aetate
446 626 674 712 pinguescunt.
711 628 846 711 polenta
864 627 995 693 dabitur
1012 626 1047 690 in
1067 625 1118 690 die
1138 630 1197 691 ter.
1261 631 1262 682 1

183 717 275 801 large
297 716 440 800 uagandi
463 716 596 781 lieentia
619 715 822 799 prohibetur.
858 717 930 781 looo
953 715 1093 782 obsauro
1113 715 1197 780 olau—
1224 737 1234 776 5

184 807 302 870 dentur
330 810 364 869 et
391 805 504 870 calido.
552 806 598 870 sie
627 805 768 870 maiores
797 805 897 870 etiam
920 805 1061 870 seeundo
1086 826 1196 870 mense

187 894 418 980 pinguescunt:
445 916 523 958 nam
549 895 678 978 paruuli
703 915 800 977 saepe
822 893 873 958 die
897 894 1071 958 tricesimo.
1115 894 1199 980 sagi-

184 988 305 1048 nantur
333 983 461 1066 melius,
490 983 519 1047 si
548 984 589 1047 ad
617 983 805 1048 satietatem
832 982 960 1047 milium
983 983 1198 1066 praebeamus

184 1071 338 1136 infusum.
371 1072 456 1136 inter
475 1093 625 1137 anserum
646 1071 769 1137 cibaria
786 1072 938 1158 legumen
958 1093 1052 1136 omne
1071 1071 1198 1157 porrigi

138 1163 162 1226 4
184 1164 294 1245 potest
323 1165 457 1244 excepto
486 1183 573 1226 eruo.
619 1161 799 1225 cauendum
827 1165 878 1226 est
905 1160 1019 1245 etiam,
1046 1181 1087 1224 ne
1115 1160 1198 1244 pulli
1212 1182 1236 1220 1o
1262 1169 1263 1214 ῑ

184 1271 298 1314 eorum
330 1253 417 1314 setas
449 1249 600 1335 glutiant.
653 1248 769 1315 Graeci
807 1249 995 1334 saginandis
1028 1250 1198 1314 anseribus

184 1337 334 1422 polentae
357 1338 437 1402 duas
461 1342 571 1423 partes
596 1343 629 1403 et
652 1338 788 1404 furfuris
813 1344 968 1424 quattuor
990 1360 1075 1423 aqua
1093 1339 1199 1404 oalida

185 1430 369 1511 temperant
401 1432 433 1492 et
465 1429 618 1514 ingerunt
649 1450 708 1512 pro
737 1428 920 1512 adpetentis
950 1428 1120 1492 uoluntate
1149 1449 1199 1492 su-

185 1517 309 1580 menda.
343 1516 450 1582 tribus
468 1539 527 1601 per
546 1516 631 1581 diem
649 1516 776 1583 uicibus
796 1521 877 1601 potu
894 1517 1059 1582 adiuuant.
1092 1516 1199 1581 media

186 1626 313 1691 quoquo
345 1609 440 1670 noete
473 1627 592 1689 aquam
621 1607 821 1671 ministrant
865 1605 1006 1690 peractis
1034 1627 1113 1670 uero
1142 1606 1198 1669 tri·
1214 1631 1238 1670 15

186 1695 280 1778 ginta
299 1694 422 1777 diebus,
441 1694 478 1780 si,
497 1698 534 1759 ut
548 1695 637 1760 ieeur
649 1694 702 1760 his
716 1699 906 1779 teneresoat,
926 1694 1067 1779 optabis,
1085 1698 1200 1758 tunsae
1263 1717 1264 1732 ¹

185 1783 308 1848 oarioas
337 1787 370 1847 et
398 1805 481 1867 aqua
509 1787 689 1849 maceratas
713 1785 747 1849 in
771 1784 852 1850 offas
875 1783 1040 1849 uolutabis
1064 1784 1201 1868 exiguas

185 1875 218 1935 et
241 1895 299 1956 per
322 1872 390 1937 dies
414 1873 534 1959 uiginti
558 1873 731 1938 continuos
755 1873 958 1938 ministrabis
983 1873 1161 1938 anseribus.

554 2103 614 2169 nn
638 2101 835 2171 Prsornrs.

131 2226 241 2294 XXXI
309 2227 370 2292 His
391 2225 548 2292 ordinatis
568 2234 676 2293 cetera
694 2230 878 2314 exequenda
894 2230 979 2292 sunt.
1012 2249 1088 2292 uam
1103 2227 1200 2312 pisci·
1216 2257 1242 2295 ao

184 2338 245 2381 nae
278 2316 358 2381 duae
391 2317 443 2381 uel
476 2317 546 2382 solo
577 2317 742 2401 inpressae
770 2318 823 2382 uel
853 2338 948 2382 oaeso
975 2315 1083 2400 lapide
1112 2316 1202 2382 eirea

185 2405 300 2470 uillam
327 2427 397 2470 esse
425 2405 602 2491 debebunt,
632 2428 712 2490 quas
740 2407 835 2472 facile
864 2410 914 2471 est
942 2409 999 2470 aut
1026 2404 1117 2470 fonte
1141 2411 1200 2470 aut

186 2493 290 2559 imbre
314 2494 471 2578 subpleri,
497 2499 535 2558 ut
558 2518 623 2560 una
647 2517 685 2559 ex
708 2496 760 2561 his
784 2495 858 2560 usui
882 2495 926 2559 sit
951 2493 1124 2578 pedoribus
1146 2495 1202 2559 uel

187 2582 303 2648 auibus
331 2583 505 2666 aquaticis:
538 2585 602 2649 alia
631 2585 824 2650 madefaciat
851 2583 962 2669 uirgas
991 2587 1024 2646 et
1052 2583 1139 2648 coria
1168 2589 1203 2648 et

186 2671 317 2755 lupinos
342 2673 426 2736 etsi
451 2694 515 2756 qua
538 2673 706 2738 rusticitas
731 2672 901 2738 consueuit
923 2672 1101 2737 infundere.
1220 2699 1244 2739 2⁵

260 2817 273 2864 1
294 2826 341 2864 eos
365 2826 462 2865 sereno
480 2812 512 2865 Ε
530 2813 534 2881 1
555 2811 675 2865 educare
694 2813 725 2866 E
745 2813 754 2882 11
778 2819 793 2865 2
817 2811 928 2865 hurtiea
951 2812 982 2865 Ε
996 2811 1000 2882 1
1016 2809 1206 2866 reformidant

188 2881 272 2937 Fau
286 2883 295 2952 11
309 2888 325 2936 3
339 2881 478 2936 mensium
492 2883 700 2954 VTGEr'eps,
715 2882 858 2937 mensibus
870 2901 889 2937 a
904 2885 908 2952 1
924 2898 981 2936 non
995 2884 1144 2953 (pronam)
1157 2886 1189 2938 Ε
1198 2884 1202 2955 1

188 2951 406 3023 parui-urtica
428 2954 525 3009 inserit
545 2961 693 3010 aetenam
712 2955 759 3023 ΕΙ
780 2953 811 3007 in
830 2956 923 3008 aetate
941 2956 1039 3007 tenera
1060 2954 1116 3023 Ty,
1139 2954 1205 3023 pin-

188 3028 327 3094 guescunt
339 3025 370 3078 in
383 3027 481 3078 tenera
495 3027 590 3079 aetate
604 3027 657 3081 r'as
670 3029 679 3096 11
693 3031 709 3079 5
725 3043 820 3096 uagan
829 3027 860 3080 Ε
871 3028 880 3095 11
895 3030 910 3078 6
925 3024 1012 3079 etiam
1024 3023 1144 3078 maiores
1157 3027 1206 3098 Ε11

189 3102 204 3149 7
223 3093 365 3152 tricesimo
383 3095 541 3150 moriuntur
556 3098 607 3151 Ga
623 3099 627 3168 1
644 3097 817 3168 Saginentur
835 3113 901 3150 uero
920 3115 938 3150 a
952 3099 991 3165 118
1012 3095 1105 3149 adsati
1124 3100 1206 3150 aeta-

189 3169 248 3220 tem
268 3166 294 3220 G
319 3169 323 3237 1
347 3166 457 3221 mitium
476 3168 673 3237 secretins,
692 3167 801 3221 milium
820 3170 930 3222 oootum
949 3169 989 3236 E,
1008 3165 1128 3221 multum
1146 3169 1181 3221 F
1196 3168 1208 3241 11

190 3243 206 3291 9
224 3236 295 3291 Item
314 3241 378 3310 (pro
396 3238 480 3308 inter)
499 3241 511 3292 i
535 3241 539 3310 1
565 3251 671 3293 cannae
690 3242 755 3309 (pro
771 3241 861 3308 omne)
881 3239 913 3308 S,
933 3253 1021 3292 oanne
1039 3239 1071 3292 Ε
1094 3239 1097 3308 1
1122 3256 1208 3307 prae-

191 3307 260 3362 stari
275 3311 319 3378 pss
334 3314 366 3363 11
387 3325 485 3363 saeoar
501 3311 524 3392 Q
540 3312 543 3381 1
561 3310 706 3364 anseribus
721 3327 770 3364 om.
782 3311 812 3365 Ε
823 3313 832 3379 11
848 3315 880 3362 12
895 3308 1022 3379 polentes
1037 3309 1068 3362 F
1079 3312 1091 3391 11
1103 3316 1136 3363 13
1155 3327 1207 3380 ap-

189 3379 319 3450 petendis
334 3381 368 3449 L,
384 3381 530 3449 apetendis
543 3382 574 3433 Ε
589 3381 593 3452 1
609 3381 756 3450 uoluptate
771 3399 788 3435 a
802 3383 811 3450 11
826 3386 860 3434 14
874 3380 984 3434 uioibus
999 3396 1049 3450 per
1064 3381 1138 3434 duem
1152 3384 1186 3436 Ε
1197 3383 1209 3455 11

192 3457 224 3505 15
243 3450 294 3504 XX
311 3451 356 3521 1111
371 3457 403 3504 16
423 3451 447 3504 si
466 3455 515 3506 aut
529 3452 572 3521 V}
589 3451 701 3506 obtabis
717 3453 746 3504 Ε
758 3454 768 3521 11
783 3458 815 3507 17
836 3451 925 3506 carias
944 3452 1035 3522 111122
1055 3451 1126 3505 uilla
1139 3453 1206 3526 Ε11

191 3523 295 3576 debent
313 3524 345 3576 Ε
364 3525 373 3592 11
397 3528 430 3575 23
449 3521 551 3576 imbres
574 3522 597 3591 Q
621 3522 625 3593 1
651 3521 774 3576 sufficiat
792 3525 856 3592 (pro
875 3523 922 3592 sit)
938 3540 960 3591 p
982 3522 1097 3646 1124111
1116 3522 1210 3579 aliam

192 3593 310 3648 deuocat
323 3595 350 3648 V
363 3596 366 3665 1
384 3594 413 3646 et
427 3592 502 3647 coria
512 3609 561 3647 om.
573 3592 609 3661 F,
623 3594 670 3648 sed
680 3595 773 3663 praet.
786 3595 914 3648 luouuum
929 3595 933 3665 1
950 3596 979 3648 et
1000 3593 1100 3663 upinos
1111 3611 1163 3651 om.
1176 3597 1211 3650 Ε
