2556 3942
463 179 580 236 AGRIO.
594 181 621 234 H
636 186 668 235 15
1029 181 1071 244 63

74 350 173 394 mense
195 327 370 393 februario.
408 327 464 392 sed
486 327 558 411 ipsa
581 326 754 414 amygdala
777 327 817 390 ad
835 328 1020 410 ponendum
1040 333 1072 392 et

73 439 150 482 noua
176 418 321 504 legamus
350 421 383 481 et
412 417 561 501 grandia,
591 439 686 500 quae,
714 420 888 500 antequam
912 417 1071 498 ponimus,

71 507 164 588 pridie
196 507 303 572 mulsa
337 509 456 589 aquata
487 506 586 569 nimis
621 527 833 586 maceremus,
865 528 905 570 ne
939 526 1072 590 germen

72 597 232 680 extinguat
256 617 295 660 ex
319 594 423 659 multo
447 593 543 659 melle
567 595 773 659 mordacitas.
810 593 867 658 alii
884 593 975 677 prius
994 594 1072 659 fimo
1105 597 1126 660 8

48 683 182 768 aliquido
210 708 269 769 per
296 684 443 748 triduum
469 705 568 748 nuces
591 704 646 747 eas
669 686 848 747 macerant:
882 683 995 747 deinde
1019 684 1070 748 die

69 776 97 836 et
120 778 214 839 nocte
239 795 309 838 esse
332 773 502 856 patiuntur
525 773 560 835 in
583 773 702 854 mulsa,
730 772 786 836 sed
810 794 890 856 quae
915 772 1071 855 suspicio-

67 884 132 926 nem
160 867 289 927 tantum
315 861 422 944 possit
444 861 564 926 babere
588 861 775 925 dulcedinis.
822 882 895 924 cum
918 861 954 924 in
977 861 1070 925 semi·

67 951 148 1016 nario
178 951 354 1037 amygdala
383 951 599 1035 disponimus,
627 949 655 1014 si
684 949 814 1014 siccitas
840 950 1070 1035 intercesserit,
1163 993 1165 998 -

66 1042 109 1104 ter
135 1041 169 1105 in
198 1063 308 1105 mense
338 1040 481 1126 rigemus
511 1044 544 1104 et
567 1039 678 1103 herbis
702 1039 912 1103 nascentibus
936 1038 1070 1103 circum-

34 1153 54 1192 ro
66 1127 209 1194 fodiendo
243 1151 338 1214 saepe
367 1150 551 1214 purgemus.
598 1132 686 1192 terra
714 1127 879 1192 seminarii
908 1127 1070 1193 laetamen

64 1215 173 1283 habere
198 1219 295 1282 debet
319 1218 507 1282 admixtum.
550 1217 657 1301 spatia
680 1217 766 1280 inter
789 1217 921 1282 arbores
947 1216 1068 1302 uiginti

64 1311 113 1370 aut
135 1308 321 1392 quindecim
345 1307 481 1390 pedibus
506 1307 631 1370 dedisse
655 1305 806 1370 sufficiat.
847 1306 992 1389 putanda
1015 1309 1066 1370 est
1100 1307 1121 1370 9

63 1397 227 1462 nouembri
255 1418 379 1479 mense,
407 1400 445 1460 ut
469 1395 633 1478 superflua
656 1397 688 1458 et
712 1394 803 1458 arida
826 1399 860 1459 et
884 1395 984 1459 densa
1006 1395 1068 1459 tol-

63 1483 167 1551 lamus.
216 1486 393 1550 seruandae
422 1489 499 1549 sunt
527 1506 546 1548 a
574 1506 704 1567 pecore,
733 1483 821 1568 quia,
850 1483 878 1548 si
901 1485 1068 1568 rodantur,

32 1597 51 1638 u
64 1579 271 1640 amarescunt.
309 1573 500 1639 circumfodi
522 1594 589 1638 non
612 1573 739 1655 debent,
764 1573 916 1656 quotiens
940 1572 1067 1656 florent,

63 1663 131 1744 quia
149 1664 225 1729 inde
244 1663 304 1728 flos
324 1663 393 1728 eins
413 1662 584 1727 excutitur.
619 1661 654 1726 in
672 1666 839 1726 uetustate
858 1662 931 1746 plus
952 1661 1067 1726 adfert.

63 1749 87 1814 si
107 1752 196 1818 ferax
220 1774 286 1816 non
310 1755 369 1835 est,
392 1752 485 1816 tedae
510 1773 647 1816 cuneum
671 1751 838 1815 terebrata
861 1749 967 1814 radice
988 1773 1067 1814 mer-

62 1860 167 1922 gamus
202 1841 256 1906 uel
288 1841 413 1906 silicem
446 1840 492 1905 sic
524 1840 719 1922 inseramus,
751 1844 789 1903 nt
821 1839 905 1904 libro
934 1844 1066 1924 tegente

63 1929 231 1996 claudatur.
278 1930 359 1995 locis
392 1928 536 2014 frigidis,
568 1929 625 1992 ubi
657 1933 763 1992 metus
794 1932 845 1992 cst
872 1929 911 1993 de
938 1927 1064 2012 pruina,
1080 1929 1121 1993 10

30 2041 50 2079 a
61 2015 216 2085 Martialis
240 2018 321 2084 dicit
343 2019 405 2084 hoc
430 2018 571 2082 remedio
596 2017 772 2082 subueniri.
812 2022 987 2100 antequam
1010 2018 1066 2080 llo-

61 2113 159 2194 reant,
192 2108 318 2173 radices
350 2107 515 2171 nudantur
543 2111 576 2172 et
606 2106 672 2170 albi
700 2105 824 2191 lapides
854 2105 1066 2169 minutissimi

60 2195 147 2262 mixti
180 2197 288 2262 arenis
321 2200 542 2281 congeruntur
575 2199 620 2279 et,
653 2194 708 2259 ubi
740 2195 806 2258 iam
838 2197 947 2258 tutum
977 2194 1065 2257 uide-

60 2283 155 2367 bitur,
188 2289 227 2350 ut
260 2285 399 2350 debeant
427 2283 623 2369 germinare,
656 2283 765 2348 effossi
793 2283 913 2347 iterum
940 2282 1063 2366 lapides

60 2378 309 2440 summouentur.
355 2376 483 2438 teneras
513 2394 610 2437 nuces
640 2373 832 2458 amygdalus
860 2372 998 2456 creabit,
1027 2372 1116 2437 utll

29 2483 49 2524 a
61 2462 143 2544 dicit,
176 2463 206 2528 si
239 2467 313 2528 ante
344 2463 460 2527 florem
486 2461 649 2526 radicibus
677 2461 881 2544 ablaqueatis
910 2484 968 2544 per
995 2461 1064 2525 dies

60 2551 176 2637 aliquot
202 2552 306 2617 calida
325 2573 410 2636 aqua
428 2551 606 2636 ingeratur.
644 2572 683 2614 ex
702 2551 822 2614 amaris
841 2550 951 2614 dulces
970 2550 1063 2627 fiunt,

60 2640 84 2702 si
113 2641 327 2708 circumfosso
364 2640 476 2724 stipite
514 2640 619 2703 tribus
652 2638 766 2724 digitis
807 2661 826 2703 a
862 2638 970 2704 radice
1003 2639 1063 2702 fiat

122 2841 136 2887 1
156 2833 347 2903 amygdalana
365 2834 392 2886 L
414 2835 424 2903 11
447 2837 462 2884 2
481 2848 618 2902 ponamus
637 2832 748 2900 Eucps
770 2833 779 2900 11
802 2836 818 2883 3
837 2830 928 2900 pridie
947 2847 996 2884 om.
1013 2848 1035 2898 p

60 2907 157 2971 aquata
178 2905 262 2958 nimis
285 2904 378 2957 mulsa
395 2905 419 2972 i,
444 2903 537 2956 mulsa
561 2919 647 2971 aqua,
670 2900 713 2955 ita
736 2903 825 2955 utne
848 2901 932 2954 nimis
956 2918 1036 2970 ceps

59 2991 137 3045 neger
154 2993 214 3030 mer
231 2976 308 3046 11114
327 2991 360 3028 ex
378 2973 469 3028 mulso
483 2973 566 3027 melle
580 2971 744 3027 mordicitas
758 2973 789 3026 Ε
801 2976 810 3043 11
825 2979 840 3026 6
860 2990 893 3026 ac
910 2974 993 3025 nocte
1007 2972 1038 3025 Ε

60 3049 72 3095 7
89 3050 204 3114 possunt
221 3047 253 3100 Ε
267 3049 271 3116 Ι
287 3045 317 3099 in
336 3063 385 3100 om.
404 3045 482 3115 Glss
501 3043 661 3099 intercessit
676 3045 703 3099 L
713 3044 857 3112 VSEGi,
876 3042 991 3096 intersit
1009 3044 1039 3098 Ε

60 3120 88 3167 11
107 3118 190 3172 debet
211 3118 317 3171 habere
335 3119 369 3170 ia
395 3118 405 3187 11
434 3122 466 3170 12
491 3118 540 3170 aut
564 3114 668 3185 uiginti
691 3114 815 3184 quinque
838 3115 942 3185 pedum
960 3133 1037 3186 ceps
1057 3114 1061 3186 1

59 3187 147 3243 suffiae
164 3191 192 3243 P
206 3191 209 3259 1
225 3189 369 3259 putandae
388 3190 454 3241 sunt
472 3190 619 3258 (16931114
637 3186 772 3240 rodentur
785 3188 815 3240 Ε
826 3189 836 3255 11
851 3191 883 3238 15
904 3184 957 3250 uui
976 3186 1064 3240 circu-

59 3256 147 3329 fodip
169 3264 178 3329 11
202 3267 233 3315 l'r'
253 3260 337 3313 taeda
358 3260 381 3329 11
403 3262 412 3330 11
435 3264 470 3312 20
488 3257 636 3312 marciales
657 3258 702 3326 G!
726 3256 875 3311 subuenire
895 3257 950 3311 SE
964 3260 968 3326 1
984 3258 1063 3312 fiore-

59 3334 132 3385 scant
145 3332 175 3384 E
186 3334 195 3401 11
209 3337 242 3384 21
257 3331 400 3384 nudentur
413 3331 444 3384 Ε
458 3333 462 3398 1
478 3329 668 3383 minutissima
682 3330 710 3382 P
721 3331 730 3398 11
745 3335 778 3381 22
794 3331 999 3398 congregentur
1012 3330 1043 3382 Ε
1057 3328 1060 3400 1

58 3397 110 3454 iam
135 3403 246 3457 tantum
272 3402 307 3470 G,
334 3400 392 3455 iam
415 3401 522 3454 dudum
540 3419 575 3469 p,
603 3401 661 3454 iam
688 3403 798 3469 tempus
822 3417 882 3470 uoq
908 3401 917 3469 11
945 3400 1062 3452 2411111-

57 3477 215 3528 moneantur
233 3474 265 3528 Ε
288 3475 293 3544 1
318 3472 427 3527 creauit
444 3473 502 3527 PL
512 3471 590 3526 V¹F
609 3474 618 3542 11
642 3477 676 3524 26
696 3469 812 3538 aliquod
830 3471 972 3541 PLQV¹
992 3472 996 3539 1
1020 3469 1063 3523 in-

57 3540 159 3598 feratur
173 3563 193 3614 p
206 3548 215 3616 11
229 3551 262 3600 27
283 3544 450 3599 circumfuso
469 3543 500 3598 Ε
