2524 3946
431 217 549 272 Abale.
563 217 602 270 ΠΙ
616 222 721 271 29-33
1019 219 1083 284 113

66 365 185 448 pluuia
211 365 365 430 collectas
394 368 539 429 maturas
568 385 607 427 ex
634 363 714 429 locis
742 363 933 428 siccioribus
957 364 1084 430 caleant

69 453 125 518 uel
153 453 340 538 exprimunt
367 457 401 517 et
427 453 505 517 nino
529 449 668 517 miscent
691 456 765 516 octo
790 453 973 518 cotulamm
997 475 1084 518 men-

71 565 182 608 suram
192 564 251 625 per
265 541 423 608 amictam
437 541 516 606 uini.
538 541 624 624 quod
638 540 752 618 uinum
767 541 944 607 medicinae
955 562 1083 626 quoquc

71 631 227 716 proderit,
250 631 308 695 ubi
332 629 483 715 stypticis
508 634 558 693 est
580 630 747 695 utendum.
784 629 990 695 stomachum
1010 629 1084 696 soli-

43 721 146 784 sdare
170 719 370 784 titubantem
393 718 490 804 solet,
518 717 710 784 reiectiones
734 717 903 804 sanguinis
927 719 1084 801 inhibere,

69 809 215 890 fluorem·
235 808 361 874 uentris
390 807 585 892 astringere,
617 807 733 872 limum
765 807 982 891 dysintericos
1010 829 1085 892 pas-

68 899 173 964 sionis
198 896 434 962 medicabiliter
458 917 617 980 asperare.

151 1125 211 1191 VT
234 1124 507 1192 PROPOMATA
533 1123 702 1192 SPONTE
726 1125 1007 1194 NASGANTVR.

137 1249 316 1316 Conditum
339 1252 392 1315 uel
416 1250 656 1316 absinthiatum
674 1251 726 1316 uel
746 1255 893 1317 rosatum
911 1251 964 1316 uel
1009 1250 1139 1316 XXXII

30 1368 54 1406 ιι
68 1340 250 1406 uiolacium
268 1340 441 1424 procedere
461 1343 577 1423 sponte
592 1339 698 1404 fertur
712 1362 750 1405 ex
765 1341 899 1424 cibibus,
917 1344 955 1404 ιιι
968 1344 1086 1405 natura

69 1429 241 1514 suscipiat,
261 1429 347 1513 quod
367 1449 542 1513 procurare
561 1429 670 1493 saeuit
688 1429 858 1514 industria,
877 1430 905 1494 si
921 1434 1086 1494 sarmenta

67 1521 102 1583 in
117 1539 180 1584 uas
195 1518 328 1602 aliquod
342 1517 556 1602 semiplenum
571 1517 767 1602 supradictis
777 1519 969 1601 potionibus
981 1541 1087 1583 mersa

67 1610 245 1672 seruentur
273 1611 307 1670 et
333 1607 445 1671 uiuam
471 1610 593 1671 terram
621 1606 719 1670 simul
747 1607 893 1673 resoluas
912 1609 962 1672 'ad
986 1607 1086 1672 lexiui

66 1697 215 1780 modum,
234 1696 336 1760 donec
355 1694 441 1760 oculi
461 1699 701 1759 sarmentorum
718 1695 867 1761 nitantur
886 1697 987 1762 exire:
1008 1700 1086 1761 tunc

29 1813 52 1852 ιι
67 1786 185 1850 eadem
218 1788 384 1848 sarmenta
416 1783 634 1869 gemmantia,
664 1784 699 1848 in
732 1807 796 1869 quo
829 1785 972 1850 uolueris
1006 1786 1087 1869 loco,

66 1875 192 1940 uitium
216 1878 398 1939 ceterarum
420 1895 511 1938 more
536 1873 688 1957 deponas.

103 2105 169 2169 VT
193 2102 308 2169 vnis
332 2101 601 2169 BOTRYONES
625 2103 753 2169 VARII
776 2102 1055 2171 NASOANTVR..

135 2227 186 2292 Vt
212 2228 292 2292 uitis
320 2229 497 2313 botryones
520 2232 555 2293 et
577 2228 670 2294 albos
694 2225 819 2292 adferre
843 2229 950 2313 possit
995 2228 1141 2295 XXXIII

66 2323 101 2383 et
124 2317 252 2403 nigros,
276 2314 392 2382 Graeci
411 2318 458 2382 sic
476 2317 548 2381 fieri
567 2317 683 2382 debere
702 2317 877 2382 iusserunt.
913 2318 941 2383 si
959 2319 1089 2384 uicinae

27 2409 137 2472 ausint
171 2406 257 2470 uites
288 2405 384 2491 nigra
416 2410 450 2472 et
483 2406 573 2492 alba,
609 2428 682 2471 cum
714 2410 888 2491 putantur,
922 2412 1090 2474 sarmenta

67 2497 244 2580 utriusque
267 2495 354 2559 inter
378 2517 412 2560 sc
436 2495 542 2560 diuisa
566 2495 612 2560 sic
637 2496 745 2580 iunge,
767 2499 805 2559 ut
825 2496 950 2561 medios
970 2497 1090 2562 utrius-

68 2607 133 2669 que
163 2583 292 2672 generis
321 2585 433 2650 oeulos
462 2583 629 2667 aequando
658 2584 789 2649 reddere
817 2585 924 2670 possis
953 2586 1090 2651 unitati:

67 2679 151 2738 tuno
168 2694 295 2757 papyro
314 2673 435 2758 ligabis
455 2673 570 2738 stricto
591 2677 624 2737 et
641 2673 735 2737 molli
754 2677 852 2758 atque
872 2675 983 2740 umida
1002 2679 1091 2741 terra

69 2953 165 2992 omncs
179 2937 282 2990 codices
295 2943 406 3016 macter
420 2936 442 2990 S
446 2937 498 3006 E
513 2941 528 2988 6
547 2908 641 2989 uentid
660 2935 869 3017 adstringerent
887 2938 933 3006 ΡΙ
950 2906 1092 2990 disinteri-

69 3024 124 3062 cae
145 3007 207 3075 SF,
227 3005 412 3061 dissenteriae
426 3008 462 3076 Ε,
484 2938 521 3076 ly
523 3007 677 3061 sentericae
696 3025 731 3089 ps
745 3009 854 3131 Ἧι)
805 3023 854 3077 asp
856 3006 929 3060 irare
947 3007 1065 3061 fertur
1053 3027 1065 3062 ι
1083 3009 1093 3081 ll

71 3077 272 3132 9absentium
286 3078 374 3147 PLQ
379 3078 414 3147 F,
440 3026 636 3148 absintiumS,
656 3078 751 3132 absint
783 3096 831 3131 um
849 3077 949 3145 VEG,
975 3078 1092 3134 absinti-

69 3148 151 3203 cinm
171 3149 203 3217 T,
228 3078 468 3217 abscynthiurirc',
493 3122 723 3217 abscynthiatum
747 3168 765 3203 a
792 3151 862 3218 l10
886 3147 1039 3205 uiolaoium
1061 3151 1091 3222 Q,

70 3192 227 3274 uiolatiuin
247 3204 305 3275 ΡΕ
314 3220 365 3274 VS
372 3221 434 3289 To
453 3219 590 3274 violatum
608 3222 688 3275 ceteri
714 3223 724 3289 ΙΙ
752 3226 784 3272 11
805 3218 939 3288 suscipiet
957 3222 1006 3303 Vl
1029 3240 1092 3278 con-

72 3289 173 3345 sueuit
189 3291 242 3360 Ep
264 3294 273 3361 ΙΙ
297 3296 330 3345 13
349 3293 381 3344 ut
395 3308 449 3360 pro
468 3293 496 3344 et
515 3291 658 3361 LSEGp
678 3294 682 3362 Ι
702 3290 832 3344 reuoluas
852 3292 883 3345 Ε
903 3293 907 3361 Ι
928 3291 1036 3347 lexiuiii
1055 3295 1092 3362 Ε,

71 3360 170 3416 lixiuii
189 3379 265 3432 ceys
282 3365 292 3432 ΙΙ
315 3368 348 3416 15
367 3362 540 3432 gemmantia
558 3363 599 3416 V¹
618 3366 627 3432 l
650 3369 683 3416 16
703 3365 860 3416 ceterarum
878 3380 928 3417 om
940 3382 963 3433 p
1000 3364 1092 3434 dispo

71 3451 127 3488 nas
148 3434 185 3500 Ε,
203 3433 364 3514 deponetp
390 3437 399 3503 ΙΙ
427 3439 460 3488 17
479 3433 573 3488 VITIS
592 3451 641 3487 om.
660 3433 735 3488 θΕι·
757 3435 761 3504 Ι
783 3432 968 3488 ΒΟΤΙιΙΟΝΕ
1010 3435 1093 3559 QVU

73 3511 109 3558 18
134 3476 279 3558 botrioncs
298 3452 364 3559 VSP
372 3508 382 3575 ΙΙ
410 3510 444 3558 20
470 3508 536 3558 sunt
554 3505 714 3575 LEc'aops
743 3505 748 3574 Ι
778 3505 863 3558 etaba
881 3507 921 3573 Ε,
945 3505 1079 3575 nigraes

72 3575 163 3630 albae
172 3575 214 3648 Vll
224 3581 256 3629 21
267 3575 366 3646 iunges
374 3577 485 3647 Eacps
494 3577 503 3648 ll
513 3582 546 3629 22
558 3575 685 3644 aequado
695 3575 823 3630 reddens.
839 3577 956 3630 reddere
964 3575 1055 3645 possis
1063 3576 1095 3630 Ε

130 3675 273 3717 nummus
287 3677 322 3718 cd.
337 3676 467 3717 schmitt.
916 3671 931 3718 8
