2538 3942
189 205 255 272 222
611 203 781 260 PALLADE

189 355 290 416 ruunt
313 355 346 415 et
364 351 433 436 pini
453 371 562 416 semen
581 353 767 436 aspergunt.
803 349 867 415 hoo
886 371 995 414 mense
1014 370 1112 433 poma
1128 368 1185 412 eon·
1232 349 1233 382 ³

190 439 306 505 dieuda
322 444 400 504 sunt
414 443 512 524 atque
526 440 686 506 seruanda
699 459 737 504 eo
752 460 852 524 more,
871 461 935 523 qno
949 438 985 502 in
997 437 1186 524 singulorum

189 528 296 594 titulis
320 528 516 611 continetur,
538 527 631 593 uelut
654 549 800 612 quaeque
825 531 955 592 matura
975 525 1185 610 processerint.

571 756 631 824 Du
655 756 824 824 APIBVS.

136 881 219 948 XIII
286 881 359 948 Hoc
391 881 491 946 etiam
523 903 634 947 mense
666 881 811 946 alnearia
842 881 1073 946 castrabantur
1103 900 1212 960 morer

191 993 256 1056 quo
278 971 404 1036 dictum
427 975 485 1036 est.
530 991 612 1055 quae
635 974 746 1035 tamon
769 974 900 1056 oportet
923 970 1084 1054 inspicere
1107 973 1147 1052 et,
1165 967 1186 1032 si

190 1060 391 1126 abundantia
403 1063 465 1143 est
484 1060 620 1143 demere,
641 1059 669 1123 si
684 1059 902 1142 mediocritas,
920 1063 1048 1143 partem
1062 1059 1186 1124 mediam

190 1149 372 1234 relinquere
401 1169 461 1232 pro
489 1147 607 1213 hiemis
635 1147 759 1232 inopia:
792 1149 820 1213 si
852 1170 935 1213 uero,
962 1147 1121 1213 sterilitas
1147 1145 1186 1210 ad·

189 1243 283 1322 paret
311 1237 346 1303 in
374 1238 478 1321 cellis,
509 1236 557 1301 nil
584 1257 718 1322 prorsus
747 1235 882 1302 auferre.
928 1235 1034 1301 mellis
1062 1257 1139 1301 uero
1162 1235 1187 1298 et

190 1348 282 1392 cerae
307 1326 455 1411 superius
479 1329 529 1391 est
552 1325 777 1391 demonstrata
799 1325 969 1391 confectio.
1196 1347 1212 1386 o

189 1535 309 1614 QVAE
341 1535 509 1604 GRAECI
537 1537 625 1603 VEL
652 1535 746 1604 nnn
781 1535 925 1604 SVPER
952 1535 1065 1603 VINA
1100 1531 1188 1604 CON-

312 1641 485 1710 nlnNDA
509 1641 816 1722 CVRANDAQVII
839 1640 1080 1709 DIXERVNT.

136 1767 234 1835 XIIII
302 1766 353 1834 Ne
372 1769 459 1835 lecta
475 1774 687 1854 praeteream,
706 1792 789 1854 quae
804 1767 921 1835 Graeci
938 1790 999 1834 sua
1015 1769 1080 1834 fide
1094 1767 1187 1834 madia

191 1859 229 1923 de
263 1857 433 1923 condiendi
466 1856 535 1922 uini
565 1879 685 1942 genere
716 1860 942 1943 disputarunt,
978 1858 1186 1923 demonstrare

191 1945 315 2012 curaui:
348 1947 405 2031 qui
434 1946 503 2011 uini
530 1951 683 2012 naturam
710 1947 770 2011 teli
798 1948 925 2013 ratione
953 1946 1137 2011 discernunt
1161 1948 1187 2008 et
1197 1967 1215 2007 15

189 2036 275 2101 hanc
297 2035 333 2101 in
359 2057 397 2101 eo
426 2036 543 2101 uolunt
571 2057 641 2100 esse
671 2036 875 2119 distantiam,
907 2039 958 2119 ut,
989 2036 1077 2121 quod
1106 2035 1187 2100 dulce

190 2129 250 2208 est,
269 2124 403 2210 grauius
422 2123 543 2209 dicant,
562 2125 648 2208 quod
667 2124 778 2190 album
794 2131 831 2190 et
844 2126 1050 2209 aliquatenus
1070 2123 1187 2204 salsum,

191 2214 363 2279 conuenire
387 2214 525 2298 uesicae,
548 2214 634 2297 quod
653 2235 767 2279 croceo
786 2215 895 2279 colore
913 2213 1089 2294 blanditur,
1110 2212 1187 2298 dige-

191 2302 292 2366 stioni
315 2303 569 2386 accommodum,
593 2302 681 2386 quod
702 2302 815 2367 album
839 2307 872 2367 et
895 2303 1083 2387 dypticum,
1106 2299 1188 2386 prod·

191 2413 262 2456 esse
286 2390 454 2456 stomacho
477 2390 608 2456 laxiori:
636 2392 890 2457 transmarinum
912 2390 1074 2476 pallorem
1095 2391 1187 2455 faeere
1198 2413 1218 2452 so

190 2484 224 2544 et
242 2482 372 2544 tantum
389 2481 582 2565 sanguinem
595 2501 661 2545 uon
676 2501 797 2545 creare:
816 2481 890 2545 uuis
903 2480 1007 2566 nigris
1022 2480 1093 2545 fieri
1106 2480 1187 2560 forta

145 2568 166 2632 2
190 2567 300 2631 rubeis
324 2589 432 2652 suane,
455 2568 539 2634 albis
562 2590 641 2635 uero
659 2569 849 2655 plerumque
867 2569 1038 2634 mediocre.
1074 2570 1110 2634 in
1127 2589 1188 2633 oon·

190 2654 306 2721 diendo
330 2677 409 2742 ergo
432 2658 509 2722 uino
529 2656 630 2743 aliqui
650 2657 848 2723 Graecorum
867 2663 1012 2723 mustum
1031 2657 1188 2724 decoctum

190 2745 230 2810 ud
254 2745 463 2809 medietatem
486 2747 540 2812 uel
560 2747 692 2811 tertiam
711 2751 839 2832 partem
858 2748 935 2813 nino
954 2744 1108 2812 adiciunt
1143 2743 1188 2810 alii

191 2831 307 2900 Graeci
330 2833 379 2899 ita
400 2833 528 2919 iubent,
557 2857 674 2920 aquam
697 2833 857 2902 marinam
879 2831 1032 2900 mundam
1055 2835 1096 2900 de
1119 2853 1219 2920 puroet

189 2928 223 2988 et
246 2924 357 3008 quieto
380 2925 477 3008 mari,
506 2945 604 3008 quam
628 2947 713 2990 anno
737 2928 812 2990 aute
836 2924 1073 3010 compleuerint,
1101 2943 1190 2989 reser·

261 3067 276 3114 2
288 3061 473 3118 custodienda
479 3079 532 3132 pro
542 3064 682 3121 seruanda
691 3064 722 3118 Ε
729 3063 738 3136 ll
748 3069 764 3117 3
773 3066 969 3134 prooessenmt
978 3063 1004 3117 V
1029 3069 1045 3116 7
1056 3079 1147 3118 emere
1157 3059 1193 3184 Vp

189 3137 205 3186 8
229 3132 370 3188 sterelitas
393 3134 420 3188 L
448 3133 738 3206 ltnihilPluero
761 3136 887 3206 ocaEll
910 3133 986 3199 er
1069 3136 1103 3188 Ε
1124 3132 1173 3204 ln

189 3201 282 3256 ALIIS
300 3205 331 3258 E
351 3207 416 3326 'le
457 3204 637 3270 VRAMQVE
656 3203 697 3276 Ε,
722 3204 959 3270 CURANDAMQ:
981 3205 1038 3275 011
1062 3211 1096 3260 13
1119 3205 1193 3285 Nune

186 3289 239 3341 pro
253 3288 289 3326 ne
306 3272 339 3340 G,
386 3273 497 3343 eplecta
510 3277 541 3329 Ε
555 3277 559 3346 Ι
574 3280 722 3344 praeterea
735 3278 767 3331 Ε
780 3279 784 3348 Ι
801 3294 853 3331 sua
866 3294 916 3332 ona
930 3277 962 3331 Ε
973 3279 983 3347 ΙΙ
998 3283 1031 3330 12
1046 3289 1193 3331 conuenire

185 3359 239 3410 pro
258 3343 439 3397 accomodum
453 3363 475 3413 p
491 3349 495 3414 Ι
512 3345 656 3414 stipticum
670 3347 753 3416 Por,
772 3347 904 3417 stipicum
920 3347 947 3402 Ι,
961 3351 970 3417 ll
984 3353 1017 3401 21
1036 3350 1135 3402 tamen
1147 3359 1194 3416 pro

188 3413 342 3490 tantump
363 3413 367 3481 Ι
391 3412 442 3466 Vis
456 3431 510 3482 pro
528 3415 629 3485 unisp
654 3419 657 3485 Ι
682 3418 811 3486 frontep
833 3421 842 3488 ΙΙ
865 3423 899 3471 23
922 3417 1011 3488 igitur
1028 3418 1129 3473 uinum
1149 3415 1195 3484 Gli

190 3486 224 3536 24
247 3481 345 3547 Aliqui
362 3478 429 3548 SE,
453 3483 528 3538 Alis·
550 3489 560 3554 ΙΙ
582 3491 617 3538 25
645 3485 688 3540 ita
710 3503 798 3556 onap
822 3491 827 3557 Ι
852 3489 1017 3543 sumendam
1041 3507 1095 3558 pro
1121 3504 1195 3544 mun.

190 3548 256 3600 dam
274 3550 305 3602 Ε
315 3551 325 3617 ΙΙ
339 3553 372 3602 26
392 3553 457 3604 ante
477 3569 549 3607 anno
568 3553 599 3608 Ε
