2524 3946
185 197 229 262 84
606 196 775 250 ermion

184 342 295 409 omnia
318 343 504 407 recidantur
527 347 560 406 et
583 363 670 407 noua
693 341 892 408 circumcisis
915 343 1075 427 capreolis
1095 348 1130 408 et
1149 368 1193 410 ra·

184 432 282 497 mulis
315 431 487 495 inutilibus
520 430 737 495 dimittantur.
787 432 842 495 sed
874 431 1110 515 prouidendum
1148 439 1193 498 est

185 519 336 586 omnibus
366 520 460 584 annis
489 519 592 584 uitem
619 519 739 584 resolui
767 542 804 585 ac
833 518 979 606 religari,
1007 521 1084 605 quia
1107 522 1194 587 refri-

185 615 328 694 geratur.
361 609 408 673 ita
426 607 590 673 formandi
609 613 686 672 sunt
705 609 788 672 rami
807 609 962 673 arborum
981 609 1194 688 uitiferarum,

183 721 225 762 ne
249 698 332 763 alter
355 698 417 762 sub
440 697 576 762 alterius
600 697 687 762 linea
708 697 881 782 dirigatur:
905 699 961 762 sed
984 699 1057 764 loco
1080 700 1218 786 pinguis

185 788 292 852 ulmus
317 810 336 852 a
359 792 447 851 terra
470 790 544 852 octo
568 786 715 870 pedibus,
738 787 854 871 gracili
876 809 955 852 uero
979 792 1106 872 septem
1128 791 1194 854 eine

141 879 276 944 3ramo
310 876 520 960 relinquenda
552 879 610 940 est.
656 875 690 940 in
722 875 792 940 solo
823 875 950 941 roscido
978 881 1012 941 et
1037 877 1194 943 nebuloso

185 967 269 1030 rami
297 965 423 1029 arboris
446 963 596 1028 uitiferae
620 963 662 1027 in.
678 963 837 1028 orientem
861 968 894 1028 et
917 965 1117 1030 occidentem
1141 991 1195 1051 pu-

184 1055 310 1120 tatione
329 1053 521 1138 dirigantur,
539 1057 578 1116 ut
595 1052 698 1117 latera
716 1074 821 1117 uacua
840 1053 918 1118 solis
935 1053 1034 1118 radiis
1050 1057 1196 1120 membra

185 1144 288 1209 totius
316 1142 395 1206 uitis
424 1143 605 1206 ostendant.
651 1142 813 1226 agendum
836 1147 887 1206 est
910 1146 1033 1224 autem,
1056 1147 1094 1207 ut
1117 1146 1193 1209 uitis
1205 1171 1219 1210 o

186 1233 292 1316 spissa
313 1253 380 1295 non
403 1229 447 1294 sit
468 1230 505 1295 in
528 1231 653 1312 arbore,
672 1234 705 1294 et
724 1230 947 1295 deficientibus
966 1231 1081 1314 primis
1101 1234 1194 1298 arbo-

184 1322 276 1386 ribus
301 1319 546 1384 substituendae
570 1323 647 1383 sunt
670 1318 761 1383 aliae.
798 1320 833 1382 in
854 1319 926 1384 loco
946 1320 1071 1385 cliuoso
1089 1321 1195 1386 humi·

185 1409 248 1474 lius
277 1410 359 1473 rami
387 1410 541 1473 arborum
569 1409 720 1472 seruandi
748 1414 837 1492 sunt,
865 1409 900 1471 in
922 1408 1020 1492 plano
1045 1413 1079 1473 et
1101 1411 1194 1497 uligi-

184 1519 266 1562 noso
295 1496 404 1562 altius.
448 1497 600 1581 palmites
630 1498 670 1561 ad
698 1498 848 1561 arborem
874 1518 941 1561 non
969 1497 1048 1562 duro
1072 1499 1194 1564 uimine

185 1587 343 1671 ligentur,
370 1608 411 1650 ne
438 1607 494 1651 eos
522 1585 689 1650 uinculum
716 1586 840 1650 recidat
869 1592 927 1650 aut
952 1587 1087 1650 adterat.
1134 1588 1221 1655 hooc

185 1679 296 1740 antem
327 1675 471 1759 noueris,
505 1677 581 1759 quia
612 1675 750 1760 palmes,
783 1674 869 1758 quod
899 1679 992 1740 extra
1018 1675 1194 1761 ligaturam

184 1764 327 1849 pendens
346 1763 505 1848 habuerit,
528 1764 638 1828 fructu
656 1763 777 1844 induet,
800 1763 886 1847 quod
904 1762 990 1829 inira
1009 1765 1194 1850 ligaturam,

184 1853 339 1917 materiae
364 1853 528 1936 sequentis
552 1853 629 1948 anni
652 1852 829 1936 deputabit.

246 2083 307 2149 ΒΕ
330 2081 704 2149 PROVINCIALIBVS
728 2081 879 2149 VIans
901 2082 1136 2151 PVTANDIS.

132 2209 231 2274 XIIII
298 2208 406 2293 Vitae,
439 2230 518 2294 quas
550 2208 744 2292 prouinciali
771 2230 861 2273 more
888 2209 979 2274 uelut
1006 2211 1223 2277 arbusculaseo

186 2302 274 2361 stare
298 2298 427 2382 dixi,
402 2320 430 2362 si
452 2297 624 2362 instituere
647 2297 744 2375 uelis,
769 2320 877 2362 ramos
902 2321 921 2362 a
945 2302 1102 2382 quattuor
1124 2324 1193 2384 par·

184 2387 275 2451 tibus
302 2384 354 2450 his
382 2386 546 2471 relinques
574 2385 670 2450 etin
697 2387 743 2450 cis
771 2387 914 2451 brachiis
943 2392 1108 2452 sarmenta
1135 2412 1191 2474 pro

184 2473 264 2539 uitis
287 2475 506 2559 possibilitate
530 2474 684 2539 seruabis
721 2475 807 2540 uites
832 2480 953 2559 autem,
977 2498 1060 2560 quae
1083 2478 1192 2542 cannis

184 2563 221 2626 in
244 2564 356 2627 orbem
380 2567 549 2648 coguntur,
577 2564 624 2629 sic
646 2566 812 2648 putentur,
835 2565 1107 2650 quemadmodum
1131 2589 1193 2651 eae,

186 2673 269 2735 quae
291 2649 441 2715 nituntur
465 2651 574 2718 ridiois
599 2658 655 2716 aut
678 2653 771 2737 palis.
808 2653 883 2718 illae
906 2675 993 2755 uero,
1018 2676 1101 2738 qnae
1126 2657 1191 2721 sine
1204 2676 1223 2718 a

186 2740 391 2805 adminiculis
410 2741 526 2827 iacent,
544 2741 631 2826 quod
638 2763 708 2843 ‘pro
728 2743 798 2808 sola
815 2741 974 2830 indigent
965 2765 997 2806 ra
950 2743 1193 2809 tfaciendum

186 2834 237 2894 est
259 2829 313 2894 uel
334 2825 529 2896 n'ecessitate
553 2830 748 2915 prouinciae,
771 2832 877 2915 primo
902 2852 985 2896 anno
1009 2833 1089 2898 duas
1110 2855 1194 2919 gem·

258 3063 273 3110 6
292 3057 374 3112 ulnus
394 3057 425 3112 E
441 3059 450 3126 11
469 3061 483 3109 7
503 3056 628 3111 rosido
616 3075 692 3128 coep
704 3060 714 3128 11
729 3064 762 3112 10
781 3058 905 3114 ostendit
923 3060 953 3113 E
965 3061 974 3129 11
989 3066 1020 3113 11
1043 3059 1194 3115 desinenti-

185 3127 239 3179 bus
258 3128 289 3181 Ε
309 3131 326 3197 11
342 3135 374 3182 12
394 3131 460 3182 sunt
478 3144 527 3183 om.
543 3129 574 3182 E
594 3130 604 3198 11
628 3135 660 3183 15
679 3129 880 3201 praecidatst
902 3133 987 3198 atque
1002 3148 1055 3198 pro
1075 3135 1126 3186 ant
1142 3133 1169 3186 L
1185 3132 1194 3273 Η

188 3203 337 3322 ι
239 3197 758 3339 reuiuisceret
780 3134 885 3327 ιιιΙ
891 3202 1193 3343 accessu.

187 3338 267 3392 uelut
287 3339 313 3393 G
325 3272 337 3408 l
349 3339 498 3394 arbuscula
516 3341 546 3394 Ε
566 3342 576 3409 11
599 3346 632 3392 22
652 3341 811 3410 relinquens
830 3344 862 3397 Ε
878 3346 887 3414 11
909 3276 942 3397 l3
963 3343 1122 3399 stabilitate
1140 3346 1171 3400 Ε
1186 3344 1195 3416 11

188 3416 223 3463 24
242 3408 466 3480 stringunturp,
491 3409 641 3478 cinguntur
660 3430 678 3466 ιι
703 3414 706 3481 1
729 3413 800 3466 haec
819 3414 979 3483 PLQVG,
1004 3415 1056 3469 hee
1074 3416 1116 3485 Ε,
1142 3417 1194 3469 hae

189 3481 210 3533 S
217 3480 288 3533 TFa
302 3483 311 3550 11
325 3484 358 3532 26
377 3481 479 3534 radleis
495 3480 686 3550 PLQVTF,
705 3483 847 3538 radicibus
866 3485 937 3553 EG,
955 3485 1057 3540 radicis
1076 3487 1109 3558 S,
1128 3487 1195 3540 ridi-

189 3548 228 3601 cis
248 3552 298 3604 aut
315 3567 365 3606 om.
377 3552 420 3619 pu
434 3556 467 3603 26
486 3567 536 3619 pro
555 3568 605 3605 οιιι.
620 3552 651 3606 Ε
665 3555 669 3622 1
684 3551 863 3622 indulgentia
877 3573 900 3624 p
