2538 3942
172 217 236 283 192
590 217 760 271 PALLADII

170 369 234 427 tur.
280 364 308 427 ai
336 386 376 427 ex
402 364 501 428 nimis
528 363 594 428 acri
616 365 744 428 dulcem
766 363 838 428 ficri
860 365 957 446 uelis,
984 364 1109 430 femina
1131 365 1178 430 die

170 457 205 515 ct
226 456 324 517 nocte
346 452 443 516 melle
466 453 646 517 macerabis
669 457 727 516 aut
749 474 855 536 passo.
897 453 1049 517 rafauum
1071 458 1180 518 temen

170 541 256 606 sicut
283 542 463 606 brassicam
489 546 620 606 constat
646 563 717 606 osse
740 543 864 606 uitibns
887 542 1064 608 inimicam.
1104 565 1180 607 nam

170 631 199 694 si
231 630 318 694 circa
350 652 385 694 se
417 636 583 715 serantur,
613 635 732 694 natura
764 631 969 695 discordante
1004 631 1179 718 refugiunt.

167 717 231 783 hoc
254 721 353 783 etiam
376 741 485 783 mense
507 720 693 803 pastinacas
716 741 868 784 seramus.
1210 745 1221 784 s

561 949 622 1014 DE
645 947 788 1014 POMIS.

116 1073 164 1138 Vl
237 1073 349 1138 Etiam
380 1097 465 1139 nunc
497 1072 736 1158 inplastrantur
766 1075 907 1137 arbusta
955 1074 1065 1158 pirum
1096 1098 1183 1142 nune

169 1163 315 1248 plerique
338 1164 487 1227 inserunt
508 1167 543 1227 et
564 1163 646 1228 locis
668 1162 808 1247 inriguis
831 1163 981 1227 arborem
1005 1164 1089 1228 citri.

546 1393 606 1458 DE
631 1391 801 1460 APIBVS.

116 1517 181 1585 VII
250 1517 323 1584 Hoc
340 1542 451 1584 mense
468 1519 641 1586 crabrones
656 1518 786 1583 molesti
800 1522 877 1583 sunt
892 1519 1044 1583 alueariis
1060 1521 1186 1605 apium,
1200 1546 1225 1584 ro

170 1628 251 1691 quos
274 1609 426 1693 persequi
449 1631 488 1673 ac
509 1630 625 1673 necare
648 1607 811 1671 debemus.
853 1608 1073 1694 nuncetiam,
1098 1632 1184 1694 quae

167 1697 247 1761 iulio
269 1719 336 1762 non
359 1698 572 1781 occurrimus,
595 1718 800 1780 exequamur.

411 1928 472 1993 ΒΕ
495 1925 619 2004 AQVA
642 1925 938 1993 INVENIENDA.

119 2051 200 2117 VIII
267 2052 363 2117 Nunc
386 2052 415 2116 si
437 2052 541 2116 deerit
564 2072 658 2133 aqna,
681 2072 752 2114 cam
776 2071 929 2134 quaerere
953 2072 989 2114 ac
1013 2051 1187 2138 uestigare

169 2142 315 2224 debebis,
347 2163 445 2226 quam
473 2140 585 2204 taliter
612 2140 736 2222 poteris
764 2137 918 2203 inuenire
965 2143 1040 2204 ante
1069 2147 1188 2207 ortum
1204 2168 1230 2207 15

169 2231 248 2295 solis
271 2231 323 2295 his
346 2229 437 2314 locis,
460 2229 579 2312 quibus
603 2249 687 2311 aqna
710 2229 893 2311 quaerenda
915 2231 974 2310 est,
998 2230 1189 2312 aequaliter

168 2341 289 2403 pronus
327 2322 437 2384 mento
475 2319 515 2382 ad
552 2317 659 2381 solum
695 2317 847 2400 depresso
881 2317 989 2381 iacens
1023 2317 1058 2381 in
1090 2323 1189 2384 terra

169 2409 332 2492 spectabis
365 2408 524 2472 orientem
553 2409 599 2490 et,
632 2406 667 2468 in
699 2427 762 2490 quo
790 2405 863 2470 loco
891 2404 1033 2489 crispum
1063 2408 1189 2472 subtili

168 2495 288 2561 nebula
312 2518 418 2560 aerem
438 2517 570 2581 surgere
589 2493 710 2558 uideris
730 2498 763 2558 et
781 2495 873 2558 uelut
891 2516 998 2558 rorem
1017 2516 1190 2581 spargere,

170 2585 265 2670 riguo
294 2586 403 2668 aliquo
431 2585 557 2651 uicinae
586 2583 698 2666 stirpis
726 2587 784 2648 ant
809 2583 936 2648 arboris
959 2585 1191 2667 praenotabis.
1208 2614 1236 2653 ao

168 2695 245 2738 nam
274 2677 403 2738 constat
426 2674 521 2739 siccis
543 2673 638 2756 locis,
666 2672 722 2735 ubi
745 2672 808 2736 hoc
830 2671 902 2757 fiet,
925 2694 1043 2756 aquam
1066 2672 1190 2740 latere.

169 2764 224 2828 sed
256 2767 417 2828 terrarum
449 2783 552 2848 genus
585 2759 819 2846 considerabis,
850 2764 887 2825 ut
918 2761 1024 2844 possis
1056 2762 1114 2826 nel
1144 2765 1193 2830 de

204 2944 217 2991 1
240 2955 305 2992 acra
324 2954 413 2992 omnes
436 2940 445 3006 ΙΙ
468 2942 488 2989 2
503 2953 537 2990 ac
555 2937 638 2990 nocte
656 2935 688 2988 E
708 2934 712 3006 Ι
737 2934 904 3005 Raphanum
923 2935 1160 3008 LVEFiacps
1183 2942 1194 3010 ΙΙ

169 3015 184 3061 3
204 3007 348 3063 inimicum
366 3009 418 3070 Eo
438 3011 448 3078 Ι
471 3014 487 3061 5
506 3007 592 3061 etiam
612 3022 661 3061 om.
677 3006 708 3059 Ε
729 3007 732 3077 Ι
757 3006 934 3077 pastinacam
953 3007 984 3060 E
1004 3009 1013 3076 Ι
1037 3012 1051 3059 7
1070 3007 1195 3078 empla-

168 3081 293 3133 strantur
306 3098 383 3151 ceys
399 3083 403 3150 Ι
419 3095 470 3132 neo
485 3094 538 3147 pro
556 3079 715 3148 nuncplt8
734 3077 836 3132 nutriri
850 3095 904 3147 pro
918 3075 981 3130 citri
991 3079 1036 3147 ρΙΙ
1051 3083 1084 3130 10
1107 3095 1195 3134 sora-

167 3149 254 3203 bones
273 3152 310 3218 E,
330 3151 465 3205 orabonas
484 3151 515 3217 i!
535 3147 669 3217 infestip
689 3152 693 3219 Ι
715 3164 800 3219 apum
821 3149 935 3204 TGiac
960 3166 973 3202 s
995 3151 1005 3217 Ι
1028 3153 1060 3200 12
1080 3163 1195 3204 excur-

166 3219 253 3273 rimus
283 3222 362 3290 Goc,
394 3219 563 3275 occurrimus
595 3219 687 3274 facere
717 3237 756 3288 ps
791 3223 801 3290 ΙΙ
837 3225 870 3273 13
968 3217 1197 3277 ESTIGANDA

168 3289 400 3345 INUENIENDA
423 3292 447 3346 S
470 3293 479 3360 ΙΙ
507 3297 541 3343 14
568 3289 647 3344 Tunc
665 3291 696 3344 E
724 3293 728 3361 Ι
758 3307 820 3344 eam
843 3308 892 3346 om.
912 3291 943 3345 Ε
971 3293 975 3361 Ι
1004 3289 1196 3362 inuestigare

168 3360 253 3414 debes
272 3360 302 3413 Ε
327 3363 336 3429 ΙΙ
364 3367 397 3414 16
421 3360 487 3416 solis
507 3363 598 3414 ortum
620 3362 645 3415 T
667 3362 671 3433 Ι
695 3359 731 3414 iis
751 3379 788 3417 ac
813 3379 827 3416 s
851 3363 855 3433 Ι
881 3360 947 3416 solis
962 3378 1015 3430 pro
1033 3361 1106 3415 locis
1129 3364 1161 3418 G
1186 3367 1198 3436 ΙΙ

169 3436 201 3483 17
221 3434 324 3485 terram
343 3431 374 3484 E
394 3434 403 3501 ΙΙ
427 3437 460 3484 19
479 3431 589 3485 uidebis
608 3433 701 3502 iacqs
726 3434 730 3500 Ι
755 3379 840 3486 ueIud
858 3434 899 3501 E,
920 3435 949 3486 et
966 3431 1198 3490 uelut-uiridi

168 3501 326 3570 (12,18‚1)
349 3517 399 3554 om.
421 3503 507 3571 Q(cf.
524 3503 624 3571 praef.)
654 3504 658 3573 Ι
688 3520 779 3557 rorem
797 3521 846 3558 om.
869 3504 895 3559 G
921 3507 930 3574 ΙΙ
958 3508 990 3556 21
1017 3503 1107 3558 firerit
1127 3506 1165 3560 E
1188 3513 1199 3577 Ι

168 3573 201 3621 22
221 3573 325 3624 terram
344 3571 380 3639 F,
399 3574 490 3625 terrae
508 3572 539 3625 Ε
