2538 3942
455 221 572 277 AGRIC.
587 222 652 276 VIII
667 229 743 277 1-3.
1041 223 1105 289 183

93 370 190 451 atque
219 367 341 431 deuexo
369 370 402 431 et
430 368 583 432 sabuloso
606 368 723 433 melior
744 369 898 434 nascitur.
944 370 1008 435 loci
1031 391 1104 454 pro·
1127 370 1148 434 2

92 456 217 538 prietes
240 460 415 539 utrumque
439 477 548 520 semen
566 457 600 520 in
620 456 759 521 alterum
778 460 892 522 mutat.
929 481 1005 524 nam
1024 481 1105 544 rapa

91 547 126 607 in
152 545 219 609 alio
248 545 320 609 solo
347 567 406 628 per
432 544 599 609 biennium
628 551 700 610 sata
728 551 898 610 mutantur
924 549 959 611 in
985 570 1102 632 napos:

91 632 154 698 alio
175 654 254 698 uero
273 655 376 718 napus
395 634 516 698 transit
533 635 567 698 in
587 656 675 718 rapa.
704 636 876 701 subactum
897 637 1003 701 solum
1023 642 1104 702 ster·

64 729 240 787 adoratum
272 726 501 806 uersatumque
534 726 743 807 conquirunt,
775 723 862 808 quod
894 729 927 789 et
959 725 1039 809 ipsis
1070 729 1103 790 et

89 812 258 896 segetibus
289 810 451 896 proderit,
485 833 566 896 quae
599 812 646 876 ibi
679 833 763 876 anno
797 814 909 877 eodem
942 817 1102 878 seruntur.

88 899 205 985 iugero
233 920 387 983 raporum
416 904 571 984 quattuor
600 901 748 986 sextarii,
774 902 852 985 napi
877 906 985 966 autem
1010 902 1103 985 quin-

88 1010 151 1072 que
181 988 358 1053 sufficiunt.
404 991 432 1054 si
461 989 567 1073 spissa
590 995 679 1074 sunt,
707 990 894 1054 interuelles
917 991 1040 1075 aliqua,
1066 995 1103 1054 ut
1126 990 1147 1054 3

87 1082 199 1143 cetera
222 1079 425 1142 roborentur.
460 1082 498 1143 ut
520 1100 598 1143 uero
619 1079 743 1143 semina
762 1079 887 1144 maiora
905 1078 1103 1166 redigantur,

49 1193 73 1232 ιο
87 1176 182 1232 eruta
215 1189 294 1250 rapa
329 1165 418 1231 foliis
452 1169 602 1232 omnibus
640 1168 796 1253 purgabis
834 1172 867 1232 et
903 1169 944 1232 ad
977 1168 1102 1232 dimidii

86 1255 187 1342 digiti
211 1256 461 1321 crassitudinem
485 1257 519 1320 in
543 1257 633 1322 caule
657 1258 809 1322 succides.
847 1261 925 1323 tunc
948 1258 983 1321 in
1002 1257 1102 1322 sulcis

86 1345 264 1432 diligenter
292 1345 436 1410 subactis
466 1346 592 1409 octonis
616 1345 729 1431 digitis
753 1349 904 1429 separata
927 1347 1044 1411 obrues
1069 1350 1103 1411 et

84 1434 203 1500 inicies
228 1438 349 1499 terram
373 1438 406 1498 et
429 1434 580 1500 calcabis.
625 1433 674 1498 ita
697 1457 816 1521 magna
838 1438 1021 1500 nascentur.

482 1663 543 1730 Du
566 1662 710 1730 POMlS.

45 1816 69 1855 rc
153 1788 230 1854 Hoc
258 1787 358 1852 etiarn
385 1809 496 1852 mense
528 1789 737 1873 inplastratio
770 1789 927 1854 celebrari
959 1793 1079 1874 potest,
1103 1789 1156 1855 III

83 1882 172 1946 sicut
193 1880 268 1942 ante
287 1878 517 1958 demonstraui,
537 1881 570 1942 et
590 1878 680 1962 pirus
700 1878 752 1942 uel
767 1877 872 1943 malus
885 1878 967 1944 locis
981 1878 1101 1944 umidis

82 1990 172 2034 nunc
192 1966 294 2030 insita
314 1988 365 2030 me
384 1967 573 2050 explorante
592 1968 760 2050 processit.
790 1968 854 2033 hoc
873 1968 972 2033 etiam
990 1991 1100 2033 mense

81 2060 117 2123 in
140 2055 250 2142 pomis
275 2055 437 2139 serotinis,
460 2077 541 2139 quae
565 2055 713 2120 ubertate
736 2055 838 2120 nimia
862 2079 971 2121 ramos
991 2078 1100 2121 onera-

81 2148 215 2229 uerunt‚
234 2145 319 2209 sicut
336 2143 492 2228 praedixi,
511 2145 735 2230 interlegenda
753 2151 838 2228 sunt,
858 2146 885 2210 si
901 2168 965 2230 qua
979 2145 1101 2210 uitiosa

42 2261 68 2299 ro
82 2233 283 2320 reppereris,
310 2240 349 2298 ut
376 2234 502 2298 arboris
532 2255 646 2299 sucum
673 2237 839 2298 uertamus
864 2234 904 2297 ad
927 2234 1098 2299 meliorum

80 2323 288 2390 nutrimenta
310 2344 491 2406 pomorum.
528 2344 614 2388 nunc
633 2321 707 2387 cltri
726 2323 845 2386 taleam
863 2323 936 2388 loco
956 2323 1095 2408 inriguo,
1120 2325 1141 2390 2

79 2412 216 2498 frigidis
239 2411 430 2496 regionibus
452 2411 618 2497 plantasse
642 2433 693 2475 me
718 2412 850 2476 memini
874 2415 906 2476 ct
925 2413 1099 2478 cotidianis

81 2503 248 2567 animasse
276 2499 472 2584 liquoribus,
501 2522 583 2584 quae
612 2497 645 2565 et
671 2501 833 2564 nascendo
863 2506 896 2565 et
922 2501 1099 2566 adserendo

80 2595 202 2657 uotum
225 2589 393 2654 felicitatis
417 2589 578 2673 aequauit.
620 2590 683 2653 hoo
706 2592 851 2673 tempore
875 2591 955 2655 locis
980 2591 1099 2656 umidis

40 2679 246 2744 asinoculari
273 2679 355 2742 ficus
382 2680 415 2742 et
442 2678 541 2742 inseri
571 2678 708 2744 citreum
736 2682 860 2761 potest,
893 2701 1003 2744 mense
1033 2679 1100 2745 iam

160 2879 172 2924 1
188 2869 289 2924 melius
299 2869 355 2925 SE
366 2869 369 2942 Ι
381 2869 506 2924 nascitur
518 2868 619 2924 mellor
630 2871 674 2942 Gt
684 2877 699 2924 2
714 2871 861 2925 mutaturi
870 2872 879 2945 [l
889 2877 905 2925 3
920 2874 982 2925 sata
992 2887 1042 2924 om.
1053 2871 1084 2925 Ε

81 2951 100 2998 4
124 2959 227 3012 rapum
249 2959 339 3013 caps,
362 2957 461 3010 rapam
483 2943 495 2994 ι’
524 2944 527 3010 Ι
556 2943 743 3011 temperatum
764 2960 817 3011 pro
841 2944 1026 2996 stercoratum
1049 2941 1080 2994 E

83 3021 99 3068 7
120 3012 246 3068 sextaria
262 3012 293 3082 Q,
313 3011 430 3067 sestaria
444 3013 456 3066 i
468 3015 477 3082 11
492 3016 508 3064 8
528 3011 585 3066 sint
600 3014 627 3068 G
643 3016 646 3082 Ι
662 3012 736 3067 inter
751 3031 780 3068 se
794 3015 881 3068 uelles
896 3013 944 3139 Ἤ
957 3019 973 3066 9
991 3011 1101 3067 maiora

82 3085 235 3140 seminaE
248 3083 252 3156 Ι
268 3083 433 3153 redigantur
446 3083 554 3138 maiora
565 3084 592 3138 G
605 3086 614 3154 ΙΙ
629 3090 663 3137 10
676 3101 780 3155 purgas
791 3084 878 3164 Pup
887 3085 914 3137 V
949 3083 1005 3138 SE
1011 3085 1101 3158 mu

84 3163 119 3211 13
142 3154 226 3209 inicis
245 3155 474 3226 PQVSETFI
494 3157 498 3224 Ι
519 3153 549 3209 in
568 3154 719 3209 cisternam
734 3173 787 3225 pro
805 3154 904 3208 inic1es
922 3158 1027 3209 terram
1046 3157 1099 3280 Ld

83 3226 212 3282 calcibus
228 3225 408 3296 proculcasp
424 3227 428 3298 l
443 3229 593 3280 noscentur
607 3228 641 3294 P,
659 3229 791 3281 nascetur
806 3226 854 3295 Gli
869 3231 902 3279 14
921 3225 970 3279 DE
988 3226 1080 3281 ΡΟΜΙ

83 3298 124 3352 ΙΝ
142 3297 191 3352 ΕΟ
210 3298 242 3351 Ε
253 3299 263 3367 ll
278 3303 311 3351 15
329 3296 519 3366 implastratio
538 3299 561 3367 i,
581 3297 774 3368 emplastratio
793 3313 870 3368 atys
887 3299 897 3367 ll
916 3303 949 3352 16
968 3298 1045 3368 prius
1065 3299 1099 3368 P,

84 3387 173 3440 pyrus
192 3369 219 3422 V
233 3372 243 3439 ΙΙ
262 3373 295 3422 19
313 3368 435 3439 legenda
450 3386 471 3438 p
485 3372 494 3438 ΙΙ
512 3375 546 3423 20
565 3369 683 3424 meliora
701 3369 732 3422 Ε
743 3371 753 3438 ll
766 3374 799 3422 21
819 3385 894 3421 nunc
912 3369 1046 3423 tratalem
1067 3369 1099 3439 Q,

85 3457 161 3496 nunc
180 3439 268 3494 etiam
285 3439 392 3494 taleam
410 3441 422 3493 ι’
439 3441 448 3510 ll
467 3447 501 3494 22
519 3457 564 3495 me
582 3440 726 3512 plantasse
745 3441 851 3510 lueys,
870 3457 916 3494 me
935 3457 983 3496 om.
1004 3441 1053 3512 ΕΙ
1070 3444 1100 3495 et

84 3529 135 3568 om.
146 3511 209 3567 GE
220 3513 230 3580 ll
244 3517 278 3565 24
287 3510 473 3565 felicitatibus
483 3513 514 3565 Ε
528 3517 532 3580 Ι
549 3511 684 3581 aequabit
693 3510 904 3581 PLQVFGi,
918 3513 1042 3580 aequant
1051 3511 1096 3584 El

83 3583 144 3637 Hoc
159 3599 256 3637 mense
266 3583 296 3636 Ε
310 3585 315 3651 Ι
330 3582 383 3636 hoc
398 3581 733 3652 tempore-circumfodi
742 3599 792 3636 om.
799 3600 822 3651 p
835 3586 845 3652 ΙΙ
859 3589 893 3636 25
909 3582 1006 3636 citrius
1021 3599 1099 3654 ceys
