2518 3938
180 211 246 274 242
605 210 774 264 PALLADE

181 359 353 422 castaneae
381 357 421 420 ad
449 358 634 440 ponendum
661 361 822 440 recentes,
850 356 1000 442 grandes,
1028 361 1175 421 maturae:

181 445 314 528 quassi
343 445 515 510 nonembri
543 467 652 509 mense
679 466 853 529 ponamus,
879 445 1008 510 facilem
1038 467 1072 509 se
1100 468 1176 529 prae·
1229 515 1230 524 Ι

130 536 170 600 18
182 533 290 598 sentia
312 533 440 598 fructus
463 533 566 618 ipsius
584 539 739 618 praestat.
773 535 801 598 si
819 555 897 598 uero
911 534 1075 598 februario
1095 557 1176 618 pone

181 644 263 706 mus,
286 627 324 687 nt
347 644 450 707 usque
474 629 552 688 tunc
576 625 679 704 duret,
703 623 751 687 ita
774 622 955 688 faciendum
975 627 1032 686 est.
1065 622 1100 686 in
1120 646 1175 688 um·

181 713 241 774 bra
264 716 434 776 castaneae
458 712 620 778 siccentur
642 733 810 796 expansae.
856 717 933 777 tunc
955 710 989 775 in
1014 716 1177 797 angustum
1197 737 1205 774 5

181 806 215 864 et
239 800 360 866 siccum
390 799 499 866 locum
524 801 702 866 translatae
732 800 896 864 cumulum
923 800 1045 865 faciant
1073 806 1106 865 et
1133 822 1177 864 aas

181 910 294 954 omnes
322 889 464 954 fluuialis
492 891 615 954 harena
642 889 815 974 diligenter
842 890 977 973 operiat.
1022 893 1100 974 post
1121 889 1176 954 dies

181 978 321 1064 triginta
345 999 399 1042 eas
422 983 549 1045 remota
570 978 692 1043 harena
714 979 748 1042 in
767 976 1057 1064 aquamfrigidam
1077 978 1177 1042 mittis.

182 1088 264 1152 quae
289 1088 386 1132 sanae
405 1071 490 1151 sunt,
513 1071 721 1152 merguntur:
744 1070 944 1152 supernatat,
967 1088 1176 1152 quaecumque

181 1160 300 1221 uexata
327 1161 387 1220 est.
432 1156 513 1221 item
542 1177 622 1241 quas
650 1156 814 1240 probasti,
842 1155 993 1220 similiter
1022 1156 1131 1222 obruis
1150 1162 1207 1220 eto

181 1248 258 1327 post
280 1244 418 1330 triginta
441 1244 510 1310 dies
530 1265 631 1328 aeque
653 1245 783 1329 probas.
819 1246 882 1310 boc
901 1266 974 1308 cunr
992 1246 1092 1311 tertio
1110 1245 1178 1310 fece·

181 1333 235 1417 ris,
259 1355 360 1418 usque
384 1336 423 1398 ad
442 1334 530 1399 ueris
553 1332 685 1397 initium
704 1355 810 1398 serere
828 1334 970 1415 debebis,
994 1355 1077 1418 quae
1100 1356 1178 1398 mau-

130 1426 171 1489 19
182 1423 284 1486 serint
316 1423 481 1488 inlibatae.
536 1421 638 1506 aliqui
667 1423 702 1486 in
734 1421 876 1488 uasculis
906 1427 1039 1486 seruant
1069 1424 1179 1488 harena

181 1511 305 1591 pariter
328 1511 436 1576 missa.
483 1514 595 1575 amant
623 1511 730 1576 solum
758 1511 855 1576 molle
884 1515 917 1576 et
939 1512 1098 1596 solutum,
1123 1533 1178 1576 non

107 1600 111 1607 “
181 1603 290 1662 tamen
317 1600 521 1666 harenosum.
567 1602 602 1664 in
629 1600 784 1665 sabulone
811 1600 1022 1685 proueniunt,
1049 1601 1104 1665 aed
1129 1601 1177 1664 hu·
1191 1622 1210 1661 15

182 1691 298 1753 meato.
343 1689 439 1774 nigra
466 1695 554 1753 terra
580 1687 646 1752 illis
676 1693 753 1790 apta
780 1693 831 1754 est
858 1693 892 1753 et
919 1689 1180 1754 carbunculuset

182 1776 270 1841 tofus
293 1775 468 1862 diligenter
490 1776 738 1844 infractusin
702 1777 866 1862 mspisso
895 1799 974 1864 agro
1003 1784 1037 1842 et
1060 1777 1181 1842 rubrica

181 1865 255 1929 uix
264 1867 426 1949 prouenit:
455 1866 490 1929 in
518 1865 636 1951 argilla
663 1869 696 1930 et
724 1865 835 1952 glarea
861 1889 928 1932 non
956 1870 1064 1949 potest
1090 1865 1179 1932 nasci.

181 1952 291 2039 diligit
321 1956 402 2020 caeli
433 1959 556 2020 statum
587 1954 757 2040 frigidum,
792 1957 848 2020 sed
883 1960 916 2020 et
949 1956 1096 2040 tepidum
1123 1976 1179 2020 non

181 2047 319 2125 recusat,
338 2044 366 2108 si
384 2045 502 2108 humor
522 2043 710 2108 adsenserit
746 2044 926 2109 delectatur
944 2045 1038 2109 cliuis
1058 2048 1092 2109 et
1112 2065 1179 2128 opa
1192 2065 1213 2102 ro

183 2131 229 2196 cis
260 2131 449 2216 regionibus
481 2154 517 2197 ac
546 2133 685 2197 maxime
715 2132 750 2197 in
779 2133 1046 2218 septemtrionem
1076 2133 1179 2198 uersis.

127 2224 171 2287 20
180 2219 339 2304 pastinari
376 2242 454 2306 ergo
491 2221 581 2285 locus
614 2221 761 2300 debebit,
801 2222 858 2305 qui
893 2221 969 2286 buia
1006 2222 1181 2287 destinatur

181 2310 329 2391 arbust0,
362 2310 533 2374 altitudine
568 2310 657 2393 pedis
690 2310 786 2374 unius
829 2311 926 2375 semis
966 2312 1019 2375 uel
1052 2313 1179 2376 duorum

181 2398 233 2461 uel
257 2402 347 2462 totus
375 2405 432 2462 aut
461 2397 559 2462 sulcis
587 2399 622 2462 in
650 2398 795 2464 ordinem
826 2400 997 2464 destinatis
1022 2404 1079 2464 aut
1101 2403 1180 2465 certe

182 2487 299 2550 aratris
323 2486 443 2551 resolui
472 2488 547 2552 hinc
575 2487 649 2551 inde
672 2487 884 2552 findentibus:
913 2490 968 2573 qui
991 2489 1068 2555 fimo
1091 2486 1179 2554 satia·
1193 2505 1214 2546 ιι

181 2579 234 2638 tus
254 2595 290 2638 ac
314 2576 462 2639 redactus
487 2577 519 2639 in
545 2577 711 2658 puluerem
731 2583 956 2642 castanearum
976 2599 1087 2642 semen
1109 2575 1181 2642 acci·

127 2663 251 2746 2lpiat
273 2685 339 2728 non
362 2665 502 2747 amplius
529 2665 620 2748 pedis
643 2665 801 2730 dodrante
830 2666 1020 2730 demersum.
1068 2665 1179 2731 unicni-

181 2774 242 2836 que
267 2753 380 2816 semini
405 2758 539 2836 propter
560 2758 672 2818 notam
690 2754 837 2820 surculus
857 2755 953 2819 debat
973 2756 1081 2839 adfigi.
1117 2755 1184 2838 ipsa

253 3004 266 3050 1
288 2999 325 3051 ad
339 2999 518 3066 serendump
534 2999 538 3068 Ι
554 3002 680 3052 recentes
699 3015 748 3054 om.
764 2999 795 3052 E
807 3001 815 3068 ΙΙ
830 3006 846 3051 2
860 3016 995 3081 ponemus
1012 3000 1045 3067 G,
1066 3012 1186 3053 seramus

180 3070 273 3148 torpe
302 3072 305 3139 Ι
335 3069 448 3123 facilem
467 3085 532 3137 sepe
555 3072 701 3138 praestant
722 3074 802 3138 (ros)
820 3070 942 3125 fructum
944 3069 997 3124 .Si
1016 3043 1045 3125 V
1072 3073 1076 3142 Ι
1110 3083 1186 3140 prae·

181 3137 272 3192 sentia
290 3156 378 3208 coep
409 3142 418 3209 ΙΙ
450 3147 552 3193 3uero
570 3157 620 3194 om.
642 3141 668 3195 G
687 3145 691 3210 Ι
712 3141 841 3210 ponimus
861 3142 895 3210 G,
913 3158 1050 3211 ponamus
1069 3144 1161 3211 iocys

181 3217 198 3263 4
218 3210 319 3262 durent
332 3212 397 3264 Ele
423 3215 458 3280 εΙΙ
473 3217 488 3264 6
509 3211 722 3280 cumulataeque
732 3212 884 3282 diligenter
897 3212 1007 3266 fluuiah'
1026 3229 1112 3268 arena
1126 3225 1188 3280 ope-

180 3279 326 3347 rianturp
360 3283 364 3348 Ι
397 3230 506 3334 liaciunt
520 3298 609 3336 omma
626 3290 733 3350 practer
750 3284 781 3338 Ε
810 3286 819 3354 ΙΙ
851 3289 867 3337 8
890 3283 920 3336 in
938 3300 1012 3352 aqua
1029 3281 1189 3364 frigidai

183 3357 215 3403 10
234 3353 337 3403 uexata
356 3354 422 3405 sunt
441 3353 467 3407 G
501 3355 504 3419 Ι
539 3352 639 3406 obruas
658 3370 748 3408 omnes
778 3357 787 3423 ΙΙ
821 3361 851 3408 11
876 3353 978 3408 iterum
1000 3354 1184 3425 probatisp

183 3426 214 3472 17
234 3420 335 3489 tophus
354 3421 403 3490 ΕΙ
423 3422 534 3476 rubrico
552 3424 583 3476 E
601 3426 610 3492 ΙΙ
632 3430 664 3477 19
684 3424 844 3495 diliguntp
866 3427 869 3495 Ι
893 3428 922 3479 et
939 3443 990 3480 om
1000 3375 1067 3496 PGH
1089 3432 1125 3478 22
1145 3425 1189 3476 de·

182 3491 301 3544 stinctur
322 3491 370 3559 ΕΙ
384 3497 417 3543 23
436 3492 518 3546 unius
538 3495 566 3547 et
585 3495 668 3548 semis
687 3497 717 3548 E
729 3498 737 3563 ΙΙ
753 3503 786 3549 24
804 3495 892 3550 totius
913 3497 951 3563 G,
976 3497 1088 3552 nelt
1045 3501 1088 3552 tot
1088 3515 1122 3550 us
1142 3497 1191 3548 aut

182 3577 230 3612 om.
248 3560 350 3629 pluel
370 3561 453 3614 sulcis
472 3565 507 3631 εΙΙ
522 3569 553 3616 27
573 3566 659 3632 pedes
677 3567 712 3634 L,
730 3568 835 3636 pedum
854 3568 890 3635 Ε,
909 3584 959 3622 om.
980 3569 1010 3622 F
