2524 3946
424 171 714 256 Aeniorum-'ec
1007 201 1070 267 109

67 369 158 431 quam
181 345 287 431 longi,
308 349 422 410 uentre
445 349 478 410 et
502 345 651 411 clunibus
676 346 819 434 magnis,
842 352 950 412 rostro
970 346 1071 429 breui,

66 436 185 501 ceruice
204 434 368 521 glandulis
388 433 503 519 spissa,
525 433 702 519 libidinosi,
723 435 873 520 anniculi,
894 436 949 520 qui
968 457 1071 520 usque

66 525 104 589 ad
134 523 321 609 quadrimos
353 522 436 588 inire
465 522 603 588 feminas
637 527 785 608 possunt.
839 525 961 589 scrofas
993 547 1071 590 uero

65 613 152 700 longi
179 613 292 678 lateris
320 613 474 676 debemus
503 612 622 697 eligere
649 619 683 677 et
707 613 825 696 quibus
849 614 889 678 sd
914 615 1072 678 sustinen-

43 703 138 767 ednm
166 702 292 766 feturae
316 722 398 766 onus
423 721 560 785 magnus
584 723 618 766 se
641 706 756 766 uenter
779 703 936 785 effundat,
964 707 1072 767 cetera

65 792 211 857 uerribus
239 789 378 874 similes,
405 790 461 854 sed
487 790 523 853 in
549 790 739 875 regionibus
766 790 895 876 frigidis
924 791 1015 856 densi
1039 795 1072 855 et
1096 793 1117 857 2

64 881 148 966 nigri
161 879 231 963 pili,
249 879 282 943 in
295 878 424 963 tepidis,
443 879 695 963 qualescumque
709 879 928 964 prouenerint.
950 879 1074 944 femina

66 970 102 1034 ad
134 969 309 1034 creandum
342 989 445 1051 usque
477 968 512 1032 in
544 989 646 1032 annos
679 973 805 1053 septem
833 972 947 1053 partus
975 990 1074 1033 onera

64 1062 193 1144 gestare
216 1056 371 1121 sufficiet:
399 1057 439 1120 ad
467 1057 714 1141 concipiendum
736 1057 887 1123 annicula
909 1056 1006 1121 debet
1028 1057 1075 1121 in-

30 1172 52 1210 n
65 1148 181 1232 cipere.
227 1149 344 1230 quarto
373 1150 524 1230 exempto
553 1166 663 1211 mense
685 1147 831 1230 pariunt,
858 1146 916 1210 ubi
940 1145 1073 1230 quintus

63 1234 189 1321 incipit.
234 1233 395 1319 incipiunt
418 1239 538 1318 autem,
563 1233 648 1299 sicut
670 1234 745 1320 dixi,
769 1257 878 1300 menae
902 1234 1074 1319 februario,

64 1330 100 1390 ut
123 1321 335 1390 solidioribus
357 1321 468 1388 herbis
492 1323 561 1387 nati
585 1326 619 1388 et
642 1323 764 1407 stipula
788 1324 978 1389 succedente
1000 1345 1075 1409 pas-

65 1418 188 1480 cantur.
242 1411 300 1476 ubi
332 1411 471 1477 facultas
504 1416 554 1477 est
585 1410 800 1500 transigendi,
832 1413 987 1497 uenditis,
1020 1412 1077 1497 qui

65 1503 204 1568 subinde
226 1501 297 1566 nati
321 1505 407 1584 sunt,
429 1501 564 1566 celerior
588 1501 747 1566 matribus
771 1500 878 1566 fetura
895 1505 1074 1585 reparatur.
1125 1531 1127 1542 ·

29 1616 51 1655 15
64 1601 169 1678 genus
192 1589 256 1654 hoc
279 1590 429 1655 omnibus
451 1588 532 1655 locis
555 1588 668 1654 haberi
690 1593 809 1674 potest,
831 1590 948 1655 melius
966 1594 1077 1656 tamen
1100 1592 1120 1657 3

65 1682 154 1767 agris
179 1679 382 1764 palustribus
406 1700 505 1762 quam
527 1678 632 1762 siccis,
654 1679 825 1763 praecipue
844 1679 902 1744 ubi
923 1679 1077 1744 arborum

65 1769 310 1834 fructuosarum
342 1767 426 1832 silua
458 1767 621 1852 subpetit,
658 1789 740 1852 quae
772 1768 908 1833 subinde
939 1769 1077 1833 maturis

64 1858 229 1923 fructibus
267 1855 392 1921 alterna
426 1879 485 1941 per
522 1878 642 1920 annum
680 1857 861 1921 mutatione
900 1862 1077 1923 succurrat.

65 1948 208 2013 maxime
231 1945 311 2010 locis
333 1944 528 2031 graminosis
548 1949 581 2009 et
600 1966 774 2010 cannarum
794 1945 846 2009 uel
865 1946 952 2011 iunci
971 1946 1078 2011 radice

26 2037 265 2101 enutriuntur.
312 2035 369 2099 sed
397 2033 622 2100 deficientibus
653 2034 817 2099 alimentis
850 2056 907 2118 per
937 2034 1078 2099 hiemem

61 2145 310 2208 nonnumquam
337 2124 522 2208 praebenda
549 2126 626 2188 sunt
652 2122 773 2208 pabula
801 2123 942 2209 glandis,
976 2128 1079 2188 casta·

61 2236 142 2280 neae
172 2212 226 2276 uel
254 2212 387 2297 frugum
414 2212 495 2276 uilia
523 2216 728 2277 excrementa
756 2215 949 2276 ceterarum:
977 2234 1078 2277 uerno

63 2303 183 2390 magis,
202 2323 276 2366 cum
293 2301 419 2366 lactent
437 2301 568 2366 nouella
585 2299 735 2385 uirentia,
754 2322 835 2384 quae
849 2300 957 2385 porcis
973 2300 1079 2365 solent

62 2411 192 2458 nocere.
229 2411 333 2474 neque
358 2389 521 2475 gregatim
545 2390 739 2454 claudendae
759 2393 836 2454 sunt
854 2411 971 2473 porcae
990 2411 1079 2454 more
1102 2392 1124 2457 4

27 2505 51 2545 25
64 2481 208 2545 aliarum
230 2479 399 2563 pecudum,
424 2479 481 2542 sed
503 2478 600 2542 haras
624 2479 684 2542 snb
708 2477 890 2563 porticibus
914 2478 1081 2564 faciemus,

64 2569 187 2654 quibus
211 2571 316 2632 mater
339 2588 551 2652 unaquaeque
572 2567 741 2632 claudatur
765 2572 798 2632 et
821 2567 988 2632 alumnum
1008 2589 1081 2653 gre-

64 2680 142 2744 gem
177 2657 281 2721 tutior
313 2655 386 2740 ipsa
413 2655 565 2721 defendat
597 2678 616 2720 a
644 2655 780 2742 frigore:
823 2677 904 2740 quae
934 2657 1033 2722 harae
1062 2680 1082 2721 a

64 2745 229 2832 superiori
247 2747 340 2829 parte
360 2745 507 2811 detectae
522 2745 596 2829 sint,
616 2750 654 2809 ut
668 2745 769 2810 libere
784 2767 954 2810 numerum
968 2749 1082 2829 pastor

65 2836 216 2921 exploret
239 2837 273 2899 et
297 2834 462 2919 oppressis
483 2856 503 2898 a
527 2838 630 2898 matre
653 2833 775 2899 fetibus
794 2856 890 2918 saepe
910 2833 1082 2899 subueniat

141 3069 156 3116 1
178 3060 305 3115 cruribus
319 3062 331 3115 i
344 3064 383 3132 112
402 3060 548 3132 grandulis
563 3063 597 3130 P,
616 3061 770 3132 grandulas
787 3065 816 3117 et
831 3062 862 3131 Q,
880 3060 1031 3130 glandibus
1047 3063 1082 3131 F,

65 3132 212 3206 grandula
230 3135 260 3187 et
276 3134 310 3202 il
334 3138 349 3186 3
369 3131 547 3200 quadrimum
565 3134 596 3187 E
608 3136 616 3203 11
639 3135 793 3202 totusque
813 3133 850 3187 ad
868 3133 899 3185 E
910 3134 919 3203 11
944 3133 1083 3201 'lqualis-

66 3219 190 3274 cumque
208 3205 236 3258 L
261 3207 265 3272 1
307 3203 429 3258 eminam
448 3205 479 3258 F
502 3207 511 3274 11
539 3210 554 3259 8
580 3204 616 3258 ad
635 3205 786 3259 creandum
804 3205 897 3258 lucta
924 3206 933 3274 11
961 3210 995 3257 10
1015 3221 1084 3272 qua-

66 3281 134 3331 tuor
144 3275 177 3329 Ε
190 3277 194 3345 1
211 3277 339 3344 example
351 3275 377 3330 G
392 3276 396 3345 1
412 3291 507 3330 mense
517 3292 567 3330 om.
578 3277 608 3330 E
620 3279 629 3345 11
644 3282 676 3328 11
692 3275 809 3345 incipiet
822 3292 913 3330 omues
926 3277 935 3346 11
950 3281 983 3328 13
993 3278 1084 3330 trans-

67 3345 184 3419 sigendi
203 3347 235 3413 V,
253 3345 411 3401 transiendi
430 3347 529 3416 PLQ,
548 3346 715 3401 transeundi
733 3347 777 3400 Fi
790 3350 799 3416 11
818 3352 852 3400 14
869 3346 1017 3416 proueniet
1031 3363 1084 3416 pro

67 3420 257 3490 reparaturp
275 3420 284 3488 11
303 3423 336 3471 23
357 3417 516 3473 conlaotent
534 3420 562 3474 L
579 3420 588 3488 11
607 3424 642 3471 24
660 3417 772 3489 gregati
793 3418 816 3487 Q
833 3420 842 3487 11
861 3424 895 3473 25
915 3434 978 3472 aras
997 3417 1085 3486 PLQ

73 3489 168 3557 Vsu,
192 3503 271 3613 artpas
290 3489 321 3542 E
339 3491 365 3616 (11
383 3494 416 3543 27
439 3488 503 3560 ipsa
520 3490 617 3544 0an
645 3492 648 3558 1
679 3505 744 3542 arae
763 3489 916 3558 PLQVS,
942 3505 959 3542 a
981 3489 1085 3560 16011

69 3567 106 3616 29
128 3577 145 3614 a
163 3575 211 3614 ma
238 3576 253 3614 e
272 3577 321 3615 orn.
