2556 3942
190 202 232 264 12
613 200 784 254 PALLADII

191 346 275 412 locis
299 346 419 430 tepidis
443 346 560 411 melius
584 345 806 430 respondebit,
835 345 863 410 si
887 349 1014 410 seratur
1037 350 1197 410 autumno:

192 436 221 499 si
241 433 420 500 necessitas
440 441 536 520 coget
555 436 593 500 de
613 435 700 500 salsa
719 439 807 498 terra
827 456 957 518 sperare
976 434 1108 518 aliquid,
1130 437 1198 518 post

193 528 388 588 autumnum
415 524 595 608 plantanda
622 528 672 588 est
699 522 753 587 uel
781 524 990 609 conserenda,
1017 528 1055 588 ut
1080 523 1198 587 malitia

194 613 263 677 eius
291 613 438 678 hibernis
467 613 628 677 imbribus
654 611 791 676 eluatur.
832 611 954 696 aliquid
978 612 1077 677 etiam
1101 615 1199 677 terrae

193 701 297 766 dulcis
321 702 375 766 uel
398 724 514 766 arenae
538 701 681 767 fluuialis
704 701 928 766 subiciendum
946 707 1006 785 est,
1030 700 1058 766 si
1075 700 1126 765 illi
1144 702 1231 765 uir-a

141 793 180 855 17
193 790 286 875 gulta
310 791 555 869 committimus.
595 789 804 854 seminarium
828 791 983 855 mediocri
1006 795 1094 854 terra
1116 789 1201 855 insti-

193 885 286 944 tuere
318 880 486 962 debemus,
519 882 556 943 ut
584 880 623 943 ad
652 877 834 957 meliorem,
868 901 950 962 quae
979 885 1050 943 sata
1077 877 1203 960 brerint,

193 967 445 1034 transferantur.
490 967 630 1052 lapides,
658 968 714 1050 qui
742 970 930 1052 supersunt,
957 968 1063 1032 hieme
1091 968 1203 1052 rigent,

194 1061 320 1122 aestate
349 1055 545 1121 feruescunt.
591 1056 711 1121 ideirco
740 1057 821 1121 satis
850 1057 993 1121 arbustis
1022 1060 1055 1120 et
1082 1056 1203 1120 uitibus

193 1150 322 1211 nocent.
369 1150 471 1224 terra,
506 1167 587 1229 quae
616 1146 702 1210 cirea
730 1147 862 1210 arbores
890 1150 1053 1228 mouetur,
1083 1145 1132 1210 ita
1158 1117 1243 1210 estut

194 1234 322 1299 uicibus
342 1235 566 1317 permutanda,
590 1240 626 1298 ut
646 1234 684 1318 ei,
707 1255 788 1317 quae
806 1234 841 1298 in
860 1256 988 1300 summo
1007 1234 1124 1316 fuerat,
1142 1235 1206 1298 ima
1243 1222 1244 1292 t

144 1323 356 1388 18suceedat.
398 1323 433 1388 in
458 1322 619 1387 laetandis
643 1324 814 1388 arboribus
839 1327 943 1388 crates
967 1323 1124 1388 faciemus
1147 1327 1207 1388 ter·
1244 1324 1245 1382 t

95 1463 99 1472 .
195 1433 266 1474 ram
289 1411 380 1495 prius
400 1416 517 1477 trunco
536 1412 747 1476 admouentes
766 1415 799 1476 et
817 1434 892 1477 mox
911 1413 1082 1496 laetamen,
1105 1417 1143 1475 ut
1161 1411 1207 1476 sic
1245 1428 1246 1472 1

195 1521 278 1584 opus
297 1505 416 1565 natura
434 1500 584 1565 beneficii
604 1501 785 1565 alternante
805 1502 997 1566 cumuletur.
1030 1501 1101 1587 agri
1120 1523 1206 1585 prae·
1246 1532 1247 1558 1

196 1588 300 1654 sulem
323 1611 390 1653 non
409 1611 448 1653 ex
467 1589 595 1654 dilectis
614 1593 723 1653 tenere
743 1591 881 1654 seruulis
899 1612 1012 1674 ponas,
1036 1589 1112 1673 quia
1130 1589 1207 1653 fidu·
1222 1609 1248 1648 1

194 1677 245 1742 cia
267 1677 438 1760 praeteriti
457 1678 578 1741 amoris
598 1679 637 1742 ad
656 1679 874 1763 inpunitatem
894 1680 1007 1762 culpae
1025 1679 1207 1763 praesentis
1248 1738 1249 1750 2

192 1770 328 1850 spectat.

344 1907 404 1972 DE
430 1907 538 1972 AGRI
560 1907 813 1974 ELECTIONE
839 1907 927 1974 VEL
952 1907 1060 1974 SITV.

140 2033 206 2100 VII
287 2033 327 2098 In
346 2033 495 2118 eligendo
515 2055 595 2119 agro
615 2033 669 2099 uel
688 2036 822 2099 emendo
842 2034 1046 2099 considerare
1065 2034 1210 2112 debebis

191 2146 233 2188 ne
256 2123 380 2188 bonum
403 2123 562 2187 naturalis
587 2122 796 2187 fecunditatis
821 2123 998 2188 colentium
1022 2124 1211 2206 deprauarit
1225 2145 1247 2183 ro

194 2213 313 2276 inertia
339 2216 372 2277 et
395 2212 431 2277 in
454 2212 629 2297 degeneres
655 2213 801 2277 surculos
826 2213 906 2277 uber
930 2213 992 2277 soli
1015 2211 1133 2278 feracis
1157 2235 1211 2276 ex-

193 2300 356 2385 penderit:
381 2301 468 2384 quod
493 2301 642 2384 quamuis
661 2301 825 2365 emendari
844 2302 950 2386 possit
968 2301 1122 2366 insitione
1142 2324 1210 2366 me-

194 2390 329 2472 tiorum,
356 2394 469 2454 tamen
496 2390 612 2454 harum
639 2411 748 2453 rerum
777 2391 846 2454 sine
873 2391 968 2474 culpa
990 2389 1106 2454 melior
1128 2412 1212 2455 usus

162 2481 244 2543 2est
268 2499 366 2562 quam
389 2500 463 2543 cum
487 2501 544 2563 spe
566 2477 749 2562 corrigendi
768 2501 859 2544 serus
880 2482 1023 2544 euentus.
1060 2480 1095 2542 in
1115 2482 1212 2544 semi-

195 2566 292 2631 nibus
322 2587 401 2652 ergo
429 2567 669 2632 frumentorum
697 2589 849 2651 praesens
882 2568 1063 2633 emendatio
1096 2572 1212 2653 potest
1229 2591 1251 2630 25

266 2711 281 2758 2
308 2705 385 2775 cogit
412 2706 529 2760 VSGE
552 2709 556 2777 1
583 2709 612 2760 et
639 2706 674 2760 de
702 2706 777 2761 salsa
804 2709 880 2762 terra
905 2707 943 2775 θ,
971 2705 1002 2761 in
1030 2706 1106 2760 salsa
1132 2709 1214 2761 terra

194 2795 271 2850 acps
287 2778 291 2847 Ι
308 2777 415 2846 sperari
440 2777 626 2846 QSTGER
651 2777 761 2847 aliquid
783 2778 894 2848 operari
918 2797 995 2849 ceps
1015 2779 1024 2851 t
1047 2785 1063 2831 3
1083 2781 1212 2832 extremo

195 2853 331 2903 autumno
360 2851 467 2918 119111
491 2854 507 2901 8
535 2848 649 2918 insuper
675 2852 740 2903 sunt
765 2853 865 2921 11110
892 2853 1002 2904 nocent.
1036 2849 1105 2918 qnid
1133 2849 1214 2903 enim

193 2920 297 2975 latenti
315 2922 433 2990 prosunt
450 2919 481 2974 in
499 2920 581 2973 terris
606 2920 707 2974 calidis
727 2923 755 2974 et
774 2920 868 2976 siccis:
893 2920 1043 2974 dummodo
1067 2919 1107 2974 eis
1130 2923 1213 2974 terra,

193 2992 285 3045 subsit
307 2993 330 3059 i,
354 2993 468 3059 nocent3
496 3007 569 3059 quae
591 2993 688 3046 tumen
711 2991 831 3046 latentia
854 2996 971 3062 prosunt
989 2991 1019 3044 in
1037 2991 1120 3046 terris
1140 2992 1212 3046 oali-

192 3062 236 3115 dis
259 3064 287 3115 et
301 3062 391 3130 siccis,
411 3062 561 3116 dummodo
581 3061 621 3116 eis
640 3066 715 3117 terra
737 3063 857 3133 supersit
875 3081 888 3118 s
904 3063 965 3133 tDe
984 3063 1105 3117 fossione
1124 3065 1211 3118 arbo-

192 3152 254 3187 rum
282 3135 361 3188 addc't
386 3133 426 3188 G³
452 3135 484 3187 in
506 3135 629 3215 marpine
652 3137 661 3204 Η
685 3141 716 3186 11
741 3134 826 3188 fuerit
845 3135 900 3189 SE
921 3137 929 3204 Ν
954 3141 986 3188 12
1004 3135 1212 3188 ietaminandis

193 3205 249 3259 SE
261 3206 270 3274 ss
286 3209 319 3259 14
338 3208 438 3258 nature
453 3205 590 3259 beneficio
607 3206 638 3272 Τ,
657 3209 760 3260 natura
773 3205 917 3260 beneficiis
932 3207 968 3275 Ε,
987 3209 1107 3260 naturae
1121 3207 1210 3260 bene-

193 3275 257 3329 ficio
278 3275 347 3328 Gue
360 3277 369 3343 ΙΙ
384 3282 417 3328 15
436 3279 533 3330 tenere
556 3277 582 3329 V
598 3278 630 3330 iu
647 3294 760 3343 1111111,
779 3278 884 3331 temere
903 3278 938 3346 F,
958 3293 992 3331 ex
1011 3276 1123 3330 dilectis
1143 3293 1211 3330 care

193 3350 222 3401 et
240 3348 338 3400 tenere
359 3347 389 3413 T,
410 3363 444 3398 ex
463 3346 575 3400 dilectis
595 3349 623 3400 et
640 3350 737 3400 tenere
756 3347 883 3400 educatis
902 3350 949 3416 iu,
969 3365 1003 3401 ex
1021 3348 1134 3401 dilectis
1155 3349 1210 3419 [et]

191 3419 288 3472 tenere
309 3415 460 3487 [educatis]
480 3417 731 3488 cpslfiduoiami
757 3421 822 3539 ,ple
843 3418 880 3470 ad
898 3436 947 3472 om.
968 3436 1044 3488 ceys
1070 3422 1079 3487 l}
1108 3425 1141 3471 17
1164 3437 1211 3473 ex-

192 3491 290 3558 pectat
309 3489 474 3555 (exspectat)
493 3505 583 3541 omues
605 3491 614 3556 (l
638 3493 671 3540 18
690 3488 757 3542 LEO
782 3489 870 3540 IONE
891 3490 936 3557 Qu
951 3495 985 3541 20
1006 3489 1212 3558 deprauauerit

198 3559 418 3627 VTGEiacps
431 3560 440 3625 ΙΙ
455 3563 486 3609 21
497 3557 663 3611 inherciaE
676 3561 684 3626 Η
699 3565 732 3610 22
742 3558 918 3612 insationeV
929 3563 937 3628 {t
953 3565 985 3612 25
994 3559 1099 3628 poterit
1113 3562 1212 3631 iacps
