<?xml version="1.0" encoding="UTF-8"?>
<!DOCTYPE html PUBLIC "-//W3C//DTD XHTML 1.0 Transitional//EN"
    "http://www.w3.org/TR/xhtml1/DTD/xhtml1-transitional.dtd">
<html xmlns="http://www.w3.org/1999/xhtml" xml:lang="en" lang="en">
 <head>
  <title>
</title>
<meta http-equiv="Content-Type" content="text/html;charset=utf-8" />
  <meta name='ocr-system' content='tesseract 3.04.00' />
  <meta name='ocr-capabilities' content='ocr_page ocr_carea ocr_par ocr_line ocrx_word'/>
</head>
<body>
  <div class='ocr_page' id='page_1' title='image "./palladiirutilii01pallgoog_0107.png"; bbox 0 0 2524 3946; ppageno 0'>
   <div class='ocr_carea' id='block_1_1' title="bbox 159 160 750 224">
    <p class='ocr_par' dir='ltr' id='par_1_1' title="bbox 159 160 750 224">
     <span class='ocr_line' id='line_1_1' title="bbox 159 160 750 224; baseline 0 -10"><span class='ocrx_word' id='word_1_1' title='bbox 159 161 202 224; x_wconf 86' lang='grc'><strong>86</strong></span> <span class='ocrx_word' id='word_1_2' title='bbox 579 160 750 214; x_wconf 82' lang='lat' dir='ltr'><strong>PALLADII</strong></span> 
     </span>
    </p>
   </div>
   <div class='ocr_carea' id='block_1_2' title="bbox 157 305 1202 835">
    <p class='ocr_par' dir='ltr' id='par_1_2' title="bbox 157 305 1202 835">
     <span class='ocr_line' id='line_1_2' title="bbox 159 305 1168 392; baseline 0 -22"><span class='ocrx_word' id='word_1_3' title='bbox 159 311 212 370; x_wconf 88' lang='lat' dir='ltr'><strong>tae</strong></span> <span class='ocrx_word' id='word_1_4' title='bbox 234 309 319 390; x_wconf 87' lang='lat' dir='ltr'><strong>sunt,</strong></span> <span class='ocrx_word' id='word_1_5' title='bbox 339 305 489 390; x_wconf 83' lang='lat' dir='ltr'><strong>plurimis</strong></span> <span class='ocrx_word' id='word_1_6' title='bbox 508 305 671 370; x_wconf 79' lang='lat' dir='ltr'><strong>radicibus</strong></span> <span class='ocrx_word' id='word_1_7' title='bbox 691 307 794 371; x_wconf 92' lang='lat' dir='ltr'><strong>totius</strong></span> <span class='ocrx_word' id='word_1_8' title='bbox 814 307 960 392; x_wconf 90' lang='lat' dir='ltr'><strong>corporis</strong></span> <span class='ocrx_word' id='word_1_9' title='bbox 980 307 1168 392; x_wconf 67' lang='lat' dir='ltr'><strong>fatigantur.</strong></span> 
     </span>
     <span class='ocr_line' id='line_1_3' title="bbox 159 394 1169 479; baseline 0.001 -21"><span class='ocrx_word' id='word_1_10' title='bbox 159 394 263 478; x_wconf 85' lang='lat' dir='ltr'><strong>mergi</strong></span> <span class='ocrx_word' id='word_1_11' title='bbox 295 415 373 458; x_wconf 91' lang='lat' dir='ltr'><strong>uero</strong></span> <span class='ocrx_word' id='word_1_12' title='bbox 405 399 483 478; x_wconf 92' lang='lat' dir='ltr'><strong>post</strong></span> <span class='ocrx_word' id='word_1_13' title='bbox 514 394 682 459; x_wconf 85' lang='lat' dir='ltr'><strong>biennium</strong></span> <span class='ocrx_word' id='word_1_14' title='bbox 714 395 902 461; x_wconf 89' lang='lat' dir='ltr'><strong>reciduntur</strong></span> <span class='ocrx_word' id='word_1_15' title='bbox 934 396 969 461; x_wconf 90' lang='lat' dir='ltr'><strong>in</strong></span> <span class='ocrx_word' id='word_1_16' title='bbox 1001 417 1040 460; x_wconf 86' lang='lat' dir='ltr'><strong>ea</strong></span> <span class='ocrx_word' id='word_1_17' title='bbox 1069 400 1169 479; x_wconf 89' lang='lat' dir='ltr'><strong>parte,</strong></span> 
     </span>
     <span class='ocr_line' id='line_1_4' title="bbox 160 483 1170 568; baseline 0.001 -21"><span class='ocrx_word' id='word_1_18' title='bbox 160 505 242 567; x_wconf 92' lang='lat' dir='ltr'><strong>quae</strong></span> <span class='ocrx_word' id='word_1_19' title='bbox 276 505 374 567; x_wconf 91' lang='lat' dir='ltr'><strong>supra</strong></span> <span class='ocrx_word' id='word_1_20' title='bbox 406 490 470 568; x_wconf 90' lang='lat' dir='ltr'><strong>est,</strong></span> <span class='ocrx_word' id='word_1_21' title='bbox 502 488 535 548; x_wconf 93' lang='lat' dir='ltr'><strong>et</strong></span> <span class='ocrx_word' id='word_1_22' title='bbox 566 483 602 547; x_wconf 92' lang='lat' dir='ltr'><strong>in</strong></span> <span class='ocrx_word' id='word_1_23' title='bbox 628 483 700 548; x_wconf 91' lang='lat' dir='ltr'><strong>loco</strong></span> <span class='ocrx_word' id='word_1_24' title='bbox 729 484 831 549; x_wconf 89' lang='lat' dir='ltr'><strong>iustas</strong></span> <span class='ocrx_word' id='word_1_25' title='bbox 860 485 946 549; x_wconf 90' lang='lat' dir='ltr'><strong>uites</strong></span> <span class='ocrx_word' id='word_1_26' title='bbox 975 484 1170 568; x_wconf 88' lang='lat' dir='ltr'><strong>relinquunt.</strong></span> 
     </span>
     <span class='ocr_line' id='line_1_5' title="bbox 159 572 1170 658; baseline 0.002 -22"><span class='ocrx_word' id='word_1_27' title='bbox 159 573 230 657; x_wconf 91' lang='lat' dir='ltr'><strong>sed,</strong></span> <span class='ocrx_word' id='word_1_28' title='bbox 252 576 290 636; x_wconf 92' lang='lat' dir='ltr'><strong>ut</strong></span> <span class='ocrx_word' id='word_1_29' title='bbox 314 573 475 658; x_wconf 79' lang='lat' dir='ltr'><strong>agricolae</strong></span> <span class='ocrx_word' id='word_1_30' title='bbox 500 572 667 654; x_wconf 73' lang='lat' dir='ltr'><strong>adserunt,</strong></span> <span class='ocrx_word' id='word_1_31' title='bbox 695 577 772 656; x_wconf 92' lang='lat' dir='ltr'><strong>post</strong></span> <span class='ocrx_word' id='word_1_32' title='bbox 794 574 962 638; x_wconf 87' lang='lat' dir='ltr'><strong>biennium</strong></span> <span class='ocrx_word' id='word_1_33' title='bbox 986 575 1014 638; x_wconf 87' lang='lat' dir='ltr'><strong>si</strong></span> <span class='ocrx_word' id='word_1_34' title='bbox 1038 573 1170 657; x_wconf 81' lang='lat' dir='ltr'><strong>recidas,</strong></span> 
     </span>
     <span class='ocr_line' id='line_1_6' title="bbox 158 660 1202 815; baseline -0.001 -90"><span class='ocrx_word' id='word_1_35' title='bbox 158 662 348 815; x_wconf 73' lang='lat' dir='ltr'><strong>plerumqpe</strong></span> <span class='ocrx_word' id='word_1_36' title='bbox 375 662 521 726; x_wconf 89' lang='lat' dir='ltr'><strong>infirmas</strong></span> <span class='ocrx_word' id='word_1_37' title='bbox 548 660 669 726; x_wconf 88' lang='lat' dir='ltr'><strong>habent</strong></span> <span class='ocrx_word' id='word_1_38' title='bbox 696 661 821 726; x_wconf 85' lang='lat' dir='ltr'><strong>radices</strong></span> <span class='ocrx_word' id='word_1_39' title='bbox 851 666 883 727; x_wconf 88' lang='lat' dir='ltr'><strong>et</strong></span> <span class='ocrx_word' id='word_1_40' title='bbox 912 663 1010 726; x_wconf 91' lang='lat' dir='ltr'><strong>simul</strong></span> <span class='ocrx_word' id='word_1_41' title='bbox 1038 668 1170 746; x_wconf 89' lang='lat' dir='ltr'><strong>repente</strong></span> <span class='ocrx_word' id='word_1_42' title='bbox 1194 683 1202 724; x_wconf 74' lang='lat' dir='ltr'><strong>r</strong></span> 
     </span>
     <span class='ocr_line' id='line_1_7' title="bbox 157 773 334 835; baseline 0.023 -21"><span class='ocrx_word' id='word_1_43' title='bbox 157 773 334 835; x_wconf 87' lang='lat' dir='ltr'><strong>perrerun.</strong></span> 
     </span>
    </p>
   </div>
   <div class='ocr_carea' id='block_1_3' title="bbox 468 890 865 958">
    <p class='ocr_par' dir='ltr' id='par_1_3' title="bbox 468 890 865 958">
     <span class='ocr_line' id='line_1_8' title="bbox 468 890 865 958; baseline 0.005 -3"><span class='ocrx_word' id='word_1_44' title='bbox 468 891 527 956; x_wconf 84' lang='lat' dir='ltr'><strong>DE</strong></span> <span class='ocrx_word' id='word_1_45' title='bbox 551 890 865 958; x_wconf 84' lang='lat' dir='ltr'><strong>INSITIONIBVS.</strong></span> 
     </span>
    </p>
   </div>
   <div class='ocr_carea' id='block_1_4' title="bbox 105 1015 1206 2702">
    <p class='ocr_par' dir='ltr' id='par_1_4' title="bbox 105 1015 1202 1635">
     <span class='ocr_line' id='line_1_9' title="bbox 105 1015 1173 1101; baseline 0 -18"><span class='ocrx_word' id='word_1_46' title='bbox 105 1017 202 1085; x_wconf 87' lang='lat' dir='ltr'>XVII</span> <span class='ocrx_word' id='word_1_47' title='bbox 271 1016 343 1082; x_wconf 90' lang='lat' dir='ltr'><strong>Hoc</strong></span> <span class='ocrx_word' id='word_1_48' title='bbox 368 1039 477 1081; x_wconf 87' lang='lat' dir='ltr'><strong>menae</strong></span> <span class='ocrx_word' id='word_1_49' title='bbox 501 1017 615 1081; x_wconf 90' lang='lat' dir='ltr'><strong>calidis</strong></span> <span class='ocrx_word' id='word_1_50' title='bbox 639 1021 671 1081; x_wconf 88' lang='lat' dir='ltr'><strong>et</strong></span> <span class='ocrx_word' id='word_1_51' title='bbox 695 1016 815 1100; x_wconf 82' lang='lat' dir='ltr'><strong>apricis</strong></span> <span class='ocrx_word' id='word_1_52' title='bbox 837 1015 919 1082; x_wconf 91' lang='lat' dir='ltr'><strong>locis</strong></span> <span class='ocrx_word' id='word_1_53' title='bbox 944 1019 1068 1101; x_wconf 90' lang='lat' dir='ltr'><strong>optime</strong></span> <span class='ocrx_word' id='word_1_54' title='bbox 1094 1020 1173 1084; x_wconf 84' lang='lat' dir='ltr'><strong>cele</strong></span> 
     </span>
     <span class='ocr_line' id='line_1_10' title="bbox 159 1105 1171 1190; baseline -0.002 -16"><span class='ocrx_word' id='word_1_55' title='bbox 159 1111 272 1174; x_wconf 89' lang='lat' dir='ltr'><strong>bratur</strong></span> <span class='ocrx_word' id='word_1_56' title='bbox 294 1105 420 1187; x_wconf 89' lang='lat' dir='ltr'><strong>insitio,</strong></span> <span class='ocrx_word' id='word_1_57' title='bbox 445 1128 528 1190; x_wconf 89' lang='lat' dir='ltr'><strong>quae</strong></span> <span class='ocrx_word' id='word_1_58' title='bbox 550 1106 590 1170; x_wconf 92' lang='lat' dir='ltr'><strong>fit</strong></span> <span class='ocrx_word' id='word_1_59' title='bbox 612 1105 719 1170; x_wconf 90' lang='lat' dir='ltr'><strong>tribus</strong></span> <span class='ocrx_word' id='word_1_60' title='bbox 744 1107 927 1190; x_wconf 89' lang='lat' dir='ltr'><strong>generibus.</strong></span> <span class='ocrx_word' id='word_1_61' title='bbox 974 1107 1030 1172; x_wconf 87' lang='lat' dir='ltr'><strong>sed</strong></span> <span class='ocrx_word' id='word_1_62' title='bbox 1054 1131 1095 1171; x_wconf 84' lang='lat' dir='ltr'><strong>ex</strong></span> <span class='ocrx_word' id='word_1_63' title='bbox 1120 1109 1171 1172; x_wconf 89' lang='lat' dir='ltr'><strong>his</strong></span> 
     </span>
     <span class='ocr_line' id='line_1_11' title="bbox 157 1195 1202 1278; baseline -0.006 -15"><span class='ocrx_word' id='word_1_64' title='bbox 157 1201 221 1264; x_wconf 90' lang='lat' dir='ltr'><strong>duo</strong></span> <span class='ocrx_word' id='word_1_65' title='bbox 248 1217 335 1260; x_wconf 88' lang='lat' dir='ltr'><strong>nunc</strong></span> <span class='ocrx_word' id='word_1_66' title='bbox 366 1195 437 1258; x_wconf 90' lang='lat' dir='ltr'><strong>fieri</strong></span> <span class='ocrx_word' id='word_1_67' title='bbox 469 1199 620 1278; x_wconf 89' lang='lat' dir='ltr'><strong>possunt,</strong></span> <span class='ocrx_word' id='word_1_68' title='bbox 653 1195 789 1259; x_wconf 88' lang='lat' dir='ltr'><strong>tertium</strong></span> <span class='ocrx_word' id='word_1_69' title='bbox 821 1199 1008 1260; x_wconf 89' lang='lat' dir='ltr'><strong>reseruatur</strong></span> <span class='ocrx_word' id='word_1_70' title='bbox 1040 1199 1171 1261; x_wconf 90' lang='lat' dir='ltr'><strong>aestati.</strong></span> <span class='ocrx_word' id='word_1_71' title='bbox 1184 1220 1202 1258; x_wconf 82' lang='lat' dir='ltr'><strong>a</strong></span> 
     </span>
     <span class='ocr_line' id='line_1_12' title="bbox 157 1284 1169 1369; baseline -0.002 -17"><span class='ocrx_word' id='word_1_72' title='bbox 157 1290 234 1352; x_wconf 90' lang='lat' dir='ltr'><strong>sunt</strong></span> <span class='ocrx_word' id='word_1_73' title='bbox 260 1289 371 1349; x_wconf 90' lang='lat' dir='ltr'><strong>autem</strong></span> <span class='ocrx_word' id='word_1_74' title='bbox 399 1305 517 1369; x_wconf 90' lang='lat' dir='ltr'><strong>genera</strong></span> <span class='ocrx_word' id='word_1_75' title='bbox 544 1284 706 1348; x_wconf 90' lang='lat' dir='ltr'><strong>inserendi</strong></span> <span class='ocrx_word' id='word_1_76' title='bbox 732 1284 828 1362; x_wconf 89' lang='lat' dir='ltr'><strong>haec,</strong></span> <span class='ocrx_word' id='word_1_77' title='bbox 861 1289 917 1348; x_wconf 89' lang='lat' dir='ltr'><strong>aut</strong></span> <span class='ocrx_word' id='word_1_78' title='bbox 951 1287 1011 1350; x_wconf 91' lang='lat' dir='ltr'><strong>sub</strong></span> <span class='ocrx_word' id='word_1_79' title='bbox 1045 1288 1169 1351; x_wconf 87' lang='lat' dir='ltr'><strong>cortice</strong></span> 
     </span>
     <span class='ocr_line' id='line_1_13' title="bbox 158 1373 1174 1459; baseline 0 -20"><span class='ocrx_word' id='word_1_80' title='bbox 158 1379 216 1440; x_wconf 89' lang='lat' dir='ltr'><strong>aut</strong></span> <span class='ocrx_word' id='word_1_81' title='bbox 238 1374 272 1437; x_wconf 91' lang='lat' dir='ltr'><strong>in</strong></span> <span class='ocrx_word' id='word_1_82' title='bbox 295 1377 412 1437; x_wconf 90' lang='lat' dir='ltr'><strong>trunco</strong></span> <span class='ocrx_word' id='word_1_83' title='bbox 436 1376 494 1437; x_wconf 90' lang='lat' dir='ltr'><strong>aut</strong></span> <span class='ocrx_word' id='word_1_84' title='bbox 516 1373 684 1456; x_wconf 85' lang='lat' dir='ltr'><strong>inplestro.</strong></span> <span class='ocrx_word' id='word_1_85' title='bbox 721 1373 902 1437; x_wconf 88' lang='lat' dir='ltr'><strong>inseremus</strong></span> <span class='ocrx_word' id='word_1_86' title='bbox 927 1395 1005 1459; x_wconf 89' lang='lat' dir='ltr'><strong>ergo</strong></span> <span class='ocrx_word' id='word_1_87' title='bbox 1030 1375 1085 1438; x_wconf 88' lang='lat' dir='ltr'><strong>sic.</strong></span> <span class='ocrx_word' id='word_1_88' title='bbox 1130 1398 1174 1439; x_wconf 91' lang='lat' dir='ltr'><strong>ar·</strong></span> 
     </span>
     <span class='ocr_line' id='line_1_14' title="bbox 157 1461 1173 1546; baseline -0.001 -17"><span class='ocrx_word' id='word_1_89' title='bbox 157 1467 271 1529; x_wconf 66' lang='lat' dir='ltr'><strong>&#39;berem</strong></span> <span class='ocrx_word' id='word_1_90' title='bbox 289 1462 343 1526; x_wconf 91' lang='lat' dir='ltr'><strong>uel</strong></span> <span class='ocrx_word' id='word_1_91' title='bbox 361 1483 489 1526; x_wconf 89' lang='lat' dir='ltr'><strong>ramum</strong></span> <span class='ocrx_word' id='word_1_92' title='bbox 506 1462 542 1526; x_wconf 92' lang='lat' dir='ltr'><strong>in</strong></span> <span class='ocrx_word' id='word_1_93' title='bbox 559 1461 641 1543; x_wconf 93' lang='lat' dir='ltr'><strong>loco,</strong></span> <span class='ocrx_word' id='word_1_94' title='bbox 661 1461 718 1546; x_wconf 91' lang='lat' dir='ltr'><strong>qui</strong></span> <span class='ocrx_word' id='word_1_95' title='bbox 735 1461 858 1526; x_wconf 88' lang='lat' dir='ltr'><strong>nitidus</strong></span> <span class='ocrx_word' id='word_1_96' title='bbox 880 1466 913 1526; x_wconf 92' lang='lat' dir='ltr'><strong>et</strong></span> <span class='ocrx_word' id='word_1_97' title='bbox 932 1463 1002 1526; x_wconf 88' lang='lat' dir='ltr'><strong>sine</strong></span> <span class='ocrx_word' id='word_1_98' title='bbox 1019 1464 1173 1528; x_wconf 85' lang='lat' dir='ltr'><strong>cicatrice</strong></span> 
     </span>
     <span class='ocr_line' id='line_1_15' title="bbox 158 1550 1174 1635; baseline -0.002 -17"><span class='ocrx_word' id='word_1_99' title='bbox 158 1557 221 1635; x_wconf 88' lang='lat' dir='ltr'><strong>est,</strong></span> <span class='ocrx_word' id='word_1_100' title='bbox 254 1573 342 1616; x_wconf 87' lang='lat' dir='ltr'><strong>serra</strong></span> <span class='ocrx_word' id='word_1_101' title='bbox 369 1551 549 1615; x_wconf 89' lang='lat' dir='ltr'><strong>recidemus</strong></span> <span class='ocrx_word' id='word_1_102' title='bbox 576 1570 643 1615; x_wconf 91' lang='lat' dir='ltr'><strong>non</strong></span> <span class='ocrx_word' id='word_1_103' title='bbox 669 1551 758 1614; x_wconf 86' lang='lat' dir='ltr'><strong>laeso</strong></span> <span class='ocrx_word' id='word_1_104' title='bbox 788 1550 919 1616; x_wconf 88' lang='lat' dir='ltr'><strong>cortice.</strong></span> <span class='ocrx_word' id='word_1_105' title='bbox 966 1556 1041 1634; x_wconf 87' lang='lat' dir='ltr'><strong>post</strong></span> <span class='ocrx_word' id='word_1_106' title='bbox 1070 1574 1174 1617; x_wconf 88' lang='lat' dir='ltr'><strong>serra·</strong></span> 
     </span>
    </p>

    <p class='ocr_par' dir='ltr' id='par_1_5' title="bbox 113 1638 1204 2258">
     <span class='ocr_line' id='line_1_16' title="bbox 113 1638 1204 1724; baseline -0.005 -17"><span class='ocrx_word' id='word_1_107' title='bbox 113 1647 266 1712; x_wconf 83' lang='lat' dir='ltr'><strong>2turam</strong></span> <span class='ocrx_word' id='word_1_108' title='bbox 297 1640 429 1724; x_wconf 84' lang='lat' dir='ltr'><strong>plagam</strong></span> <span class='ocrx_word' id='word_1_109' title='bbox 461 1638 669 1704; x_wconf 85' lang='lat' dir='ltr'><strong>ferramentis</strong></span> <span class='ocrx_word' id='word_1_110' title='bbox 705 1640 810 1703; x_wconf 86' lang='lat' dir='ltr'><strong>acutis</strong></span> <span class='ocrx_word' id='word_1_111' title='bbox 847 1639 1038 1704; x_wconf 89' lang='lat' dir='ltr'><strong>incidamus.</strong></span> <span class='ocrx_word' id='word_1_112' title='bbox 1098 1643 1204 1706; x_wconf 75' lang='lat' dir='ltr'><strong>indeo</strong></span> 
     </span>
     <span class='ocr_line' id='line_1_17' title="bbox 157 1727 1173 1816; baseline 0.001 -22"><span class='ocrx_word' id='word_1_113' title='bbox 157 1730 251 1816; x_wconf 86' lang='lat' dir='ltr'><strong>quasi</strong></span> <span class='ocrx_word' id='word_1_114' title='bbox 279 1750 418 1793; x_wconf 90' lang='lat' dir='ltr'><strong>cuneum</strong></span> <span class='ocrx_word' id='word_1_115' title='bbox 446 1732 576 1792; x_wconf 88' lang='lat' dir='ltr'><strong>tenuem</strong></span> <span class='ocrx_word' id='word_1_116' title='bbox 603 1727 746 1792; x_wconf 92' lang='lat' dir='ltr'><strong>ferreum</strong></span> <span class='ocrx_word' id='word_1_117' title='bbox 773 1728 826 1791; x_wconf 90' lang='lat' dir='ltr'><strong>uel</strong></span> <span class='ocrx_word' id='word_1_118' title='bbox 855 1751 996 1813; x_wconf 87' lang='lat' dir='ltr'><strong>osseum,</strong></span> <span class='ocrx_word' id='word_1_119' title='bbox 1029 1734 1173 1795; x_wconf 88' lang='lat' dir='ltr'><strong>maxime</strong></span> 
     </span>
     <span class='ocr_line' id='line_1_18' title="bbox 156 1817 1174 1902; baseline 0 -19"><span class='ocrx_word' id='word_1_120' title='bbox 156 1819 335 1896; x_wconf 86' lang='lat' dir='ltr'><strong>leoninum,</strong></span> <span class='ocrx_word' id='word_1_121' title='bbox 364 1817 450 1882; x_wconf 89' lang='lat' dir='ltr'><strong>inter</strong></span> <span class='ocrx_word' id='word_1_122' title='bbox 478 1817 633 1882; x_wconf 88' lang='lat' dir='ltr'><strong>corticem</strong></span> <span class='ocrx_word' id='word_1_123' title='bbox 662 1821 695 1881; x_wconf 92' lang='lat' dir='ltr'><strong>et</strong></span> <span class='ocrx_word' id='word_1_124' title='bbox 719 1818 847 1902; x_wconf 93' lang='lat' dir='ltr'><strong>lignum</strong></span> <span class='ocrx_word' id='word_1_125' title='bbox 871 1819 977 1883; x_wconf 91' lang='lat' dir='ltr'><strong>tribus</strong></span> <span class='ocrx_word' id='word_1_126' title='bbox 1000 1841 1105 1902; x_wconf 91' lang='lat' dir='ltr'><strong>prope</strong></span> <span class='ocrx_word' id='word_1_127' title='bbox 1132 1821 1174 1884; x_wconf 92' lang='lat' dir='ltr'><strong>di·</strong></span> 
     </span>
     <span class='ocr_line' id='line_1_19' title="bbox 159 1905 1174 1993; baseline 0.001 -22"><span class='ocrx_word' id='word_1_128' title='bbox 159 1907 238 1993; x_wconf 85' lang='lat' dir='ltr'><strong>gitis</strong></span> <span class='ocrx_word' id='word_1_129' title='bbox 262 1905 504 1972; x_wconf 85' lang='lat' dir='ltr'><strong>consideranter</strong></span> <span class='ocrx_word' id='word_1_130' title='bbox 527 1905 734 1990; x_wconf 85' lang='lat' dir='ltr'><strong>deponimus,</strong></span> <span class='ocrx_word' id='word_1_131' title='bbox 761 1928 801 1970; x_wconf 92' lang='lat' dir='ltr'><strong>ne</strong></span> <span class='ocrx_word' id='word_1_132' title='bbox 828 1906 959 1970; x_wconf 87' lang='lat' dir='ltr'><strong>corticis</strong></span> <span class='ocrx_word' id='word_1_133' title='bbox 983 1908 1085 1971; x_wconf 87' lang='lat' dir='ltr'><strong>fascia</strong></span> <span class='ocrx_word' id='word_1_134' title='bbox 1112 1909 1174 1973; x_wconf 91' lang='lat' dir='ltr'><strong>dis-</strong></span> 
     </span>
     <span class='ocr_line' id='line_1_20' title="bbox 158 1995 1174 2082; baseline -0.001 -20"><span class='ocrx_word' id='word_1_135' title='bbox 158 1998 296 2082; x_wconf 88' lang='lat' dir='ltr'><strong>sipetur,</strong></span> <span class='ocrx_word' id='word_1_136' title='bbox 328 1999 361 2059; x_wconf 91' lang='lat' dir='ltr'><strong>et</strong></span> <span class='ocrx_word' id='word_1_137' title='bbox 393 1997 428 2059; x_wconf 92' lang='lat' dir='ltr'><strong>in</strong></span> <span class='ocrx_word' id='word_1_138' title='bbox 460 2018 533 2059; x_wconf 89' lang='lat' dir='ltr'><strong>eum</strong></span> <span class='ocrx_word' id='word_1_139' title='bbox 565 1995 698 2059; x_wconf 90' lang='lat' dir='ltr'><strong>modum</strong></span> <span class='ocrx_word' id='word_1_140' title='bbox 731 1995 890 2059; x_wconf 89' lang='lat' dir='ltr'><strong>subducto</strong></span> <span class='ocrx_word' id='word_1_141' title='bbox 923 2016 1025 2059; x_wconf 88' lang='lat' dir='ltr'><strong>cuneo</strong></span> <span class='ocrx_word' id='word_1_142' title='bbox 1056 1999 1174 2061; x_wconf 87' lang='lat' dir='ltr'><strong>statim</strong></span> 
     </span>
     <span class='ocr_line' id='line_1_21' title="bbox 158 2083 1204 2170; baseline -0.006 -19"><span class='ocrx_word' id='word_1_143' title='bbox 158 2087 324 2151; x_wconf 84' lang='lat' dir='ltr'><strong>surculum</strong></span> <span class='ocrx_word' id='word_1_144' title='bbox 348 2084 525 2170; x_wconf 88' lang='lat' dir='ltr'><strong>mergimus</strong></span> <span class='ocrx_word' id='word_1_145' title='bbox 548 2106 613 2147; x_wconf 87' lang='lat' dir='ltr'><strong>una</strong></span> <span class='ocrx_word' id='word_1_146' title='bbox 635 2092 730 2167; x_wconf 88' lang='lat' dir='ltr'><strong>parte</strong></span> <span class='ocrx_word' id='word_1_147' title='bbox 753 2083 897 2148; x_wconf 86' lang='lat' dir='ltr'><strong>decisum</strong></span> <span class='ocrx_word' id='word_1_148' title='bbox 917 2085 1009 2148; x_wconf 87' lang='lat' dir='ltr'><strong>salua</strong></span> <span class='ocrx_word' id='word_1_149' title='bbox 1027 2085 1173 2150; x_wconf 89' lang='lat' dir='ltr'><strong>medulla</strong></span> <span class='ocrx_word' id='word_1_150' title='bbox 1185 2108 1204 2147; x_wconf 82' lang='lat' dir='ltr'><strong>a</strong></span> 
     </span>
     <span class='ocr_line' id='line_1_22' title="bbox 157 2172 1174 2258; baseline -0.001 -18"><span class='ocrx_word' id='word_1_151' title='bbox 157 2180 191 2240; x_wconf 89' lang='lat' dir='ltr'><strong>et</strong></span> <span class='ocrx_word' id='word_1_152' title='bbox 215 2174 334 2240; x_wconf 87' lang='lat' dir='ltr'><strong>cortice</strong></span> <span class='ocrx_word' id='word_1_153' title='bbox 358 2175 461 2258; x_wconf 87' lang='lat' dir='ltr'><strong>partis</strong></span> <span class='ocrx_word' id='word_1_154' title='bbox 486 2173 634 2255; x_wconf 88' lang='lat' dir='ltr'><strong>alterius,</strong></span> <span class='ocrx_word' id='word_1_155' title='bbox 658 2172 715 2256; x_wconf 89' lang='lat' dir='ltr'><strong>qui</strong></span> <span class='ocrx_word' id='word_1_156' title='bbox 738 2194 838 2256; x_wconf 88' lang='lat' dir='ltr'><strong>supra</strong></span> <span class='ocrx_word' id='word_1_157' title='bbox 861 2174 1013 2237; x_wconf 89' lang='lat' dir='ltr'><strong>arborem</strong></span> <span class='ocrx_word' id='word_1_158' title='bbox 1036 2195 1095 2238; x_wconf 86' lang='lat' dir='ltr'><strong>sex</strong></span> <span class='ocrx_word' id='word_1_159' title='bbox 1121 2175 1174 2239; x_wconf 91' lang='lat' dir='ltr'><strong>uel</strong></span> 
     </span>
    </p>

    <p class='ocr_par' dir='ltr' id='par_1_6' title="bbox 114 2261 1206 2702">
     <span class='ocr_line' id='line_1_23' title="bbox 114 2261 1174 2348; baseline 0 -20"><span class='ocrx_word' id='word_1_160' title='bbox 114 2271 134 2335; x_wconf 87' lang='lat'><strong>3</strong></span> <span class='ocrx_word' id='word_1_161' title='bbox 159 2268 233 2329; x_wconf 93' lang='lat' dir='ltr'><strong>octo</strong></span> <span class='ocrx_word' id='word_1_162' title='bbox 258 2261 370 2348; x_wconf 89' lang='lat' dir='ltr'><strong>digitis</strong></span> <span class='ocrx_word' id='word_1_163' title='bbox 395 2262 543 2327; x_wconf 90' lang='lat' dir='ltr'><strong>emineat.</strong></span> <span class='ocrx_word' id='word_1_164' title='bbox 581 2261 661 2325; x_wconf 89' lang='lat' dir='ltr'><strong>duos</strong></span> <span class='ocrx_word' id='word_1_165' title='bbox 685 2262 738 2325; x_wconf 92' lang='lat' dir='ltr'><strong>uel</strong></span> <span class='ocrx_word' id='word_1_166' title='bbox 762 2267 829 2325; x_wconf 91' lang='lat' dir='ltr'><strong>tres</strong></span> <span class='ocrx_word' id='word_1_167' title='bbox 853 2262 906 2326; x_wconf 88' lang='lat' dir='ltr'><strong>uel</strong></span> <span class='ocrx_word' id='word_1_168' title='bbox 929 2262 1040 2344; x_wconf 88' lang='lat' dir='ltr'><strong>plures</strong></span> <span class='ocrx_word' id='word_1_169' title='bbox 1061 2284 1174 2330; x_wconf 88' lang='lat' dir='ltr'><strong>surcu-</strong></span> 
     </span>
     <span class='ocr_line' id='line_1_24' title="bbox 159 2350 1174 2437; baseline -0.001 -20"><span class='ocrx_word' id='word_1_170' title='bbox 159 2354 210 2417; x_wconf 89' lang='lat' dir='ltr'><strong>los</strong></span> <span class='ocrx_word' id='word_1_171' title='bbox 233 2372 293 2435; x_wconf 91' lang='lat' dir='ltr'><strong>pro</strong></span> <span class='ocrx_word' id='word_1_172' title='bbox 313 2354 421 2416; x_wconf 87' lang='lat' dir='ltr'><strong>trunci</strong></span> <span class='ocrx_word' id='word_1_173' title='bbox 441 2350 599 2436; x_wconf 88' lang='lat' dir='ltr'><strong>qualitate</strong></span> <span class='ocrx_word' id='word_1_174' title='bbox 618 2351 864 2416; x_wconf 88' lang='lat' dir='ltr'><strong>constituemus.</strong></span> <span class='ocrx_word' id='word_1_175' title='bbox 902 2351 1069 2434; x_wconf 88' lang='lat' dir='ltr'><strong>quaternis</strong></span> <span class='ocrx_word' id='word_1_176' title='bbox 1088 2351 1174 2437; x_wconf 91' lang='lat' dir='ltr'><strong>digi-</strong></span> 
     </span>
     <span class='ocr_line' id='line_1_25' title="bbox 158 2439 1174 2523; baseline 0.001 -18"><span class='ocrx_word' id='word_1_177' title='bbox 158 2442 202 2505; x_wconf 89' lang='lat' dir='ltr'><strong>tis</strong></span> <span class='ocrx_word' id='word_1_178' title='bbox 226 2440 278 2504; x_wconf 94' lang='lat' dir='ltr'><strong>uel</strong></span> <span class='ocrx_word' id='word_1_179' title='bbox 302 2439 440 2523; x_wconf 89' lang='lat' dir='ltr'><strong>amplius</strong></span> <span class='ocrx_word' id='word_1_180' title='bbox 465 2442 550 2504; x_wconf 90' lang='lat' dir='ltr'><strong>inter</strong></span> <span class='ocrx_word' id='word_1_181' title='bbox 574 2459 629 2503; x_wconf 86' lang='lat' dir='ltr'><strong>eos</strong></span> <span class='ocrx_word' id='word_1_182' title='bbox 654 2439 798 2523; x_wconf 89' lang='lat' dir='ltr'><strong>spatium</strong></span> <span class='ocrx_word' id='word_1_183' title='bbox 821 2440 1049 2523; x_wconf 88' lang='lat' dir='ltr'><strong>relinquemus.</strong></span> <span class='ocrx_word' id='word_1_184' title='bbox 1091 2445 1174 2506; x_wconf 90' lang='lat' dir='ltr'><strong>tunc</strong></span> 
     </span>
     <span class='ocr_line' id='line_1_26' title="bbox 158 2528 1206 2613; baseline -0.005 -19"><span class='ocrx_word' id='word_1_185' title='bbox 158 2530 254 2594; x_wconf 91' lang='lat' dir='ltr'><strong>iunco</strong></span> <span class='ocrx_word' id='word_1_186' title='bbox 279 2534 337 2592; x_wconf 89' lang='lat' dir='ltr'><strong>aut</strong></span> <span class='ocrx_word' id='word_1_187' title='bbox 355 2529 443 2593; x_wconf 91' lang='lat' dir='ltr'><strong>ulmo</strong></span> <span class='ocrx_word' id='word_1_188' title='bbox 463 2533 520 2593; x_wconf 91' lang='lat' dir='ltr'><strong>aut</strong></span> <span class='ocrx_word' id='word_1_189' title='bbox 538 2528 659 2593; x_wconf 90' lang='lat' dir='ltr'><strong>uimine</strong></span> <span class='ocrx_word' id='word_1_190' title='bbox 679 2528 878 2613; x_wconf 86' lang='lat' dir='ltr'><strong>stringemus</strong></span> <span class='ocrx_word' id='word_1_191' title='bbox 898 2533 930 2592; x_wconf 90' lang='lat' dir='ltr'><strong>et</strong></span> <span class='ocrx_word' id='word_1_192' title='bbox 950 2551 1046 2612; x_wconf 91' lang='lat' dir='ltr'><strong>super</strong></span> <span class='ocrx_word' id='word_1_193' title='bbox 1064 2529 1173 2595; x_wconf 90' lang='lat' dir='ltr'><strong>lutum</strong></span> <span class='ocrx_word' id='word_1_194' title='bbox 1186 2549 1206 2591; x_wconf 76' lang='lat' dir='ltr'><strong>a</strong></span> 
     </span>
     <span class='ocr_line' id='line_1_27' title="bbox 159 2617 1174 2702; baseline 0.002 -20"><span class='ocrx_word' id='word_1_195' title='bbox 159 2640 271 2682; x_wconf 91' lang='lat' dir='ltr'><strong>musco</strong></span> <span class='ocrx_word' id='word_1_196' title='bbox 295 2621 419 2682; x_wconf 91' lang='lat' dir='ltr'><strong>tectum</strong></span> <span class='ocrx_word' id='word_1_197' title='bbox 441 2638 599 2702; x_wconf 89' lang='lat' dir='ltr'><strong>ponemus</strong></span> <span class='ocrx_word' id='word_1_198' title='bbox 623 2640 660 2682; x_wconf 92' lang='lat' dir='ltr'><strong>ac</strong></span> <span class='ocrx_word' id='word_1_199' title='bbox 683 2617 869 2702; x_wconf 68' lang='lat' dir='ltr'><strong>ligabimus</strong></span> <span class='ocrx_word' id='word_1_200' title='bbox 893 2622 931 2681; x_wconf 87' lang='lat' dir='ltr'><strong>ut</strong></span> <span class='ocrx_word' id='word_1_201' title='bbox 950 2621 1109 2701; x_wconf 88' lang='lat' dir='ltr'><strong>quattuor</strong></span> <span class='ocrx_word' id='word_1_202' title='bbox 1129 2621 1174 2684; x_wconf 90' lang='lat' dir='ltr'><strong>di-</strong></span> 
     </span>
    </p>
   </div>
   <div class='ocr_carea' id='block_1_5' title="bbox 119 2807 1174 3590">
    <p class='ocr_par' dir='ltr' id='par_1_7' title="bbox 119 2807 1174 3590">
     <span class='ocr_line' id='line_1_28' title="bbox 119 2807 1174 2880; baseline -0.001 -17"><span class='ocrx_word' id='word_1_203' title='bbox 119 2807 120 2814; x_wconf 72' lang='grc'>’</span> <span class='ocrx_word' id='word_1_204' title='bbox 231 2817 245 2864; x_wconf 98' lang='grc'>1</span> <span class='ocrx_word' id='word_1_205' title='bbox 265 2809 392 2880; x_wconf 91' lang='lat' dir='ltr'><strong>pluribus</strong></span> <span class='ocrx_word' id='word_1_206' title='bbox 411 2810 441 2862; x_wconf 84' lang='lat' dir='ltr'><em>E</em></span> <span class='ocrx_word' id='word_1_207' title='bbox 453 2811 492 2879; x_wconf 87' lang='grc'><strong>113</strong></span> <span class='ocrx_word' id='word_1_208' title='bbox 511 2808 588 2862; x_wconf 86' lang='lat' dir='ltr'><strong>iusta</strong></span> <span class='ocrx_word' id='word_1_209' title='bbox 602 2826 636 2877; x_wconf 84' lang='lat' dir='ltr'><strong>p,</strong></span> <span class='ocrx_word' id='word_1_210' title='bbox 655 2808 736 2862; x_wconf 78' lang='lat' dir='ltr'><strong>uiuae</strong></span> <span class='ocrx_word' id='word_1_211' title='bbox 755 2809 786 2862; x_wconf 94' lang='grc' dir='ltr'><em>Ε</em></span> <span class='ocrx_word' id='word_1_212' title='bbox 801 2810 804 2880; x_wconf 97' lang='grc'>1</span> <span class='ocrx_word' id='word_1_213' title='bbox 821 2807 1055 2878; x_wconf 69' lang='lat' dir='ltr'><strong>relinquuntur-p</strong></span> <span class='ocrx_word' id='word_1_214' title='bbox 1079 2812 1087 2879; x_wconf 95' lang='grc'><strong>11</strong></span> <span class='ocrx_word' id='word_1_215' title='bbox 1113 2817 1131 2864; x_wconf 83' lang='grc'>4</span> <span class='ocrx_word' id='word_1_216' title='bbox 1150 2810 1174 2864; x_wconf 91' lang='lat' dir='ltr'><strong>si</strong></span> 
     </span>
     <span class='ocr_line' id='line_1_29' title="bbox 159 2879 1173 2954; baseline 0 -16"><span class='ocrx_word' id='word_1_217' title='bbox 159 2901 210 2938; x_wconf 81' lang='lat' dir='ltr'><strong>orn.</strong></span> <span class='ocrx_word' id='word_1_218' title='bbox 225 2883 273 2954; x_wconf 83' lang='grc' dir='ltr'><strong>Ε1</strong></span> <span class='ocrx_word' id='word_1_219' title='bbox 289 2881 393 2936; x_wconf 88' lang='lat' dir='ltr'><strong>recisas</strong></span> <span class='ocrx_word' id='word_1_220' title='bbox 414 2879 449 2949; x_wconf 72' lang='lat' dir='ltr'><strong>Q,</strong></span> <span class='ocrx_word' id='word_1_221' title='bbox 467 2879 569 2933; x_wconf 87' lang='lat' dir='ltr'><strong>recidis</strong></span> <span class='ocrx_word' id='word_1_222' title='bbox 588 2881 618 2933; x_wconf 84' lang='lat' dir='ltr'><em>F</em></span> <span class='ocrx_word' id='word_1_223' title='bbox 629 2883 668 2950; x_wconf 79' lang='grc'>115</span> <span class='ocrx_word' id='word_1_224' title='bbox 686 2879 811 2934; x_wconf 87' lang='lat' dir='ltr'><strong>infirmat</strong></span> <span class='ocrx_word' id='word_1_225' title='bbox 829 2881 886 2934; x_wconf 95' lang='lat' dir='ltr'><strong>PL</strong></span> <span class='ocrx_word' id='word_1_226' title='bbox 894 2880 924 2950; x_wconf 70' lang='lat' dir='ltr'><strong>Q,</strong></span> <span class='ocrx_word' id='word_1_227' title='bbox 943 2880 1097 2934; x_wconf 85' lang='lat' dir='ltr'><strong>infirmatas</strong></span> <span class='ocrx_word' id='word_1_228' title='bbox 1121 2882 1148 2938; x_wconf 72' lang='lat' dir='ltr'><strong><em>G</em></strong></span> <span class='ocrx_word' id='word_1_229' title='bbox 1168 2882 1173 2953; x_wconf 95' lang='grc'>1</span> 
     </span>
     <span class='ocr_line' id='line_1_30' title="bbox 159 2951 1173 3022; baseline 0 -16"><span class='ocrx_word' id='word_1_230' title='bbox 159 2957 274 3022; x_wconf 90' lang='lat' dir='ltr'><strong>repente</strong></span> <span class='ocrx_word' id='word_1_231' title='bbox 293 2952 377 3007; x_wconf 91' lang='lat' dir='ltr'><strong>simul</strong></span> <span class='ocrx_word' id='word_1_232' title='bbox 395 2951 555 3022; x_wconf 72' lang='lat' dir='ltr'><strong>EGiocqs</strong></span> <span class='ocrx_word' id='word_1_233' title='bbox 568 2955 607 3022; x_wconf 87' lang='grc'>116</span> <span class='ocrx_word' id='word_1_234' title='bbox 626 2955 745 3022; x_wconf 85' lang='lat' dir='ltr'><strong>pereunt</strong></span> <span class='ocrx_word' id='word_1_235' title='bbox 763 2951 819 3006; x_wconf 82' lang='lat' dir='ltr'><strong>SE</strong></span> <span class='ocrx_word' id='word_1_236' title='bbox 827 2953 946 3022; x_wconf 75' lang='lat' dir='ltr'><strong>Tiecps</strong></span> <span class='ocrx_word' id='word_1_237' title='bbox 959 2955 968 3021; x_wconf 93' lang='grc'><strong>11</strong></span> <span class='ocrx_word' id='word_1_238' title='bbox 984 2958 1017 3005; x_wconf 92' lang='grc'><strong>10</strong></span> <span class='ocrx_word' id='word_1_239' title='bbox 1036 2951 1095 3006; x_wconf 89' lang='lat' dir='ltr'><strong>fieri</strong></span> <span class='ocrx_word' id='word_1_240' title='bbox 1117 2953 1173 3006; x_wconf 93' lang='lat' dir='ltr'><strong>duo</strong></span> 
     </span>
     <span class='ocr_line' id='line_1_31' title="bbox 159 3023 1174 3093; baseline -0.001 -15"><span class='ocrx_word' id='word_1_241' title='bbox 159 3041 241 3078; x_wconf 87' lang='lat' dir='ltr'><strong>nunc.</strong></span> <span class='ocrx_word' id='word_1_242' title='bbox 260 3027 325 3093; x_wconf 89' lang='lat' dir='ltr'><strong>post</strong></span> <span class='ocrx_word' id='word_1_243' title='bbox 343 3025 375 3078; x_wconf 83' lang='lat' dir='ltr'><strong><em>E</em></strong></span> <span class='ocrx_word' id='word_1_244' title='bbox 402 3026 405 3092; x_wconf 97' lang='grc'>1</span> <span class='ocrx_word' id='word_1_245' title='bbox 435 3025 614 3077; x_wconf 89' lang='lat' dir='ltr'><strong>reseruantur</strong></span> <span class='ocrx_word' id='word_1_246' title='bbox 633 3023 703 3078; x_wconf 89' lang='lat' dir='ltr'><strong>etati</strong></span> <span class='ocrx_word' id='word_1_247' title='bbox 722 3024 752 3076; x_wconf 98' lang='grc' dir='ltr'><em>Ε</em></span> <span class='ocrx_word' id='word_1_248' title='bbox 777 3025 786 3092; x_wconf 94' lang='grc'><strong>11</strong></span> <span class='ocrx_word' id='word_1_249' title='bbox 815 3029 846 3076; x_wconf 94' lang='grc'><strong>11</strong></span> <span class='ocrx_word' id='word_1_250' title='bbox 866 3023 918 3077; x_wconf 83' lang='lat' dir='ltr'><strong>Est</strong></span> <span class='ocrx_word' id='word_1_251' title='bbox 937 3026 1033 3077; x_wconf 88' lang='lat' dir='ltr'><strong>autem</strong></span> <span class='ocrx_word' id='word_1_252' title='bbox 1049 3023 1174 3078; x_wconf 89' lang='lat' dir='ltr'><strong>inseran-</strong></span> 
     </span>
     <span class='ocr_line' id='line_1_32' title="bbox 160 3095 1173 3168; baseline -0.001 -20"><span class='ocrx_word' id='word_1_253' title='bbox 160 3095 264 3163; x_wconf 82' lang='lat' dir='ltr'><strong>dump</strong></span> <span class='ocrx_word' id='word_1_254' title='bbox 289 3098 292 3168; x_wconf 98' lang='grc'>1</span> <span class='ocrx_word' id='word_1_255' title='bbox 314 3111 417 3166; x_wconf 88' lang='lat' dir='ltr'><strong>genera</strong></span> <span class='ocrx_word' id='word_1_256' title='bbox 435 3111 484 3148; x_wconf 86' lang='lat' dir='ltr'><strong>om.</strong></span> <span class='ocrx_word' id='word_1_257' title='bbox 500 3095 654 3164; x_wconf 73' lang='lat' dir='ltr'><strong><em>PLQVG</em></strong></span> <span class='ocrx_word' id='word_1_258' title='bbox 676 3097 685 3164; x_wconf 94' lang='grc'><strong>11</strong></span> <span class='ocrx_word' id='word_1_259' title='bbox 707 3101 739 3147; x_wconf 79' lang='lat'><strong>12</strong></span> <span class='ocrx_word' id='word_1_260' title='bbox 755 3110 821 3164; x_wconf 87' lang='lat' dir='ltr'><strong>ergo</strong></span> <span class='ocrx_word' id='word_1_261' title='bbox 840 3095 892 3148; x_wconf 90' lang='lat' dir='ltr'><strong>hec</strong></span> <span class='ocrx_word' id='word_1_262' title='bbox 911 3095 951 3149; x_wconf 84' lang='lat' dir='ltr'><strong>sic</strong></span> <span class='ocrx_word' id='word_1_263' title='bbox 969 3095 1000 3148; x_wconf 94' lang='grc' dir='ltr'><em>Ε</em></span> <span class='ocrx_word' id='word_1_264' title='bbox 1022 3097 1030 3164; x_wconf 94' lang='grc'><strong>11</strong></span> <span class='ocrx_word' id='word_1_265' title='bbox 1055 3101 1086 3148; x_wconf 80' lang='grc'>13</span> <span class='ocrx_word' id='word_1_266' title='bbox 1105 3095 1173 3149; x_wconf 87' lang='lat' dir='ltr'><strong>niti·</strong></span> 
     </span>
     <span class='ocr_line' id='line_1_33' title="bbox 160 3165 1171 3237; baseline 0.001 -18"><span class='ocrx_word' id='word_1_267' title='bbox 160 3165 205 3219; x_wconf 89' lang='lat' dir='ltr'><strong>dis</strong></span> <span class='ocrx_word' id='word_1_268' title='bbox 219 3167 250 3219; x_wconf 83' lang='lat' dir='ltr'><em>F</em></span> <span class='ocrx_word' id='word_1_269' title='bbox 263 3168 266 3237; x_wconf 96' lang='grc'>1</span> <span class='ocrx_word' id='word_1_270' title='bbox 283 3166 389 3220; x_wconf 88' lang='lat' dir='ltr'><strong>nitidus</strong></span> <span class='ocrx_word' id='word_1_271' title='bbox 408 3169 452 3220; x_wconf 89' lang='lat' dir='ltr'><strong>est</strong></span> <span class='ocrx_word' id='word_1_272' title='bbox 470 3168 499 3219; x_wconf 87' lang='lat' dir='ltr'><strong>et</strong></span> <span class='ocrx_word' id='word_1_273' title='bbox 513 3165 572 3218; x_wconf 93' lang='lat' dir='ltr'><strong>sine</strong></span> <span class='ocrx_word' id='word_1_274' title='bbox 587 3165 718 3220; x_wconf 85' lang='lat' dir='ltr'><strong>cicatrice</strong></span> <span class='ocrx_word' id='word_1_275' title='bbox 732 3167 825 3235; x_wconf 73' lang='lat' dir='ltr'><strong>iacqs</strong></span> <span class='ocrx_word' id='word_1_276' title='bbox 839 3167 848 3236; x_wconf 95' lang='grc'><strong>11</strong></span> <span class='ocrx_word' id='word_1_277' title='bbox 863 3171 896 3220; x_wconf 84' lang='grc'>15</span> <span class='ocrx_word' id='word_1_278' title='bbox 914 3165 1070 3220; x_wconf 87' lang='lat' dir='ltr'><strong>nitidamus</strong></span> <span class='ocrx_word' id='word_1_279' title='bbox 1084 3167 1171 3235; x_wconf 66' lang='lat' dir='ltr'><strong>Vua,</strong></span> 
     </span>
     <span class='ocr_line' id='line_1_34' title="bbox 159 3236 1172 3307; baseline -0.002 -15"><span class='ocrx_word' id='word_1_280' title='bbox 159 3237 315 3292; x_wconf 87' lang='lat' dir='ltr'><strong>nitidamus</strong></span> <span class='ocrx_word' id='word_1_281' title='bbox 338 3237 385 3290; x_wconf 92' lang='lat' dir='ltr'><strong>uel</strong></span> <span class='ocrx_word' id='word_1_282' title='bbox 407 3236 594 3304; x_wconf 82' lang='lat' dir='ltr'><strong>incidimusp</strong></span> <span class='ocrx_word' id='word_1_283' title='bbox 621 3241 630 3307; x_wconf 95' lang='grc'><strong>11</strong></span> <span class='ocrx_word' id='word_1_284' title='bbox 659 3243 691 3291; x_wconf 88' lang='grc'>16</span> <span class='ocrx_word' id='word_1_285' title='bbox 714 3240 829 3290; x_wconf 87' lang='lat' dir='ltr'><strong>tenuem</strong></span> <span class='ocrx_word' id='word_1_286' title='bbox 847 3254 897 3292; x_wconf 86' lang='lat' dir='ltr'><strong>om.</strong></span> <span class='ocrx_word' id='word_1_287' title='bbox 912 3238 965 3306; x_wconf 83' lang='lat' dir='ltr'><strong>Ep</strong></span> <span class='ocrx_word' id='word_1_288' title='bbox 992 3239 1000 3306; x_wconf 92' lang='grc'><strong>11</strong></span> <span class='ocrx_word' id='word_1_289' title='bbox 1029 3243 1061 3291; x_wconf 81' lang='grc'>17</span> <span class='ocrx_word' id='word_1_290' title='bbox 1081 3236 1172 3290; x_wconf 91' lang='lat' dir='ltr'><strong>tribus</strong></span> 
     </span>
     <span class='ocr_line' id='line_1_35' title="bbox 161 3307 1173 3379; baseline -0.001 -16"><span class='ocrx_word' id='word_1_291' title='bbox 161 3326 211 3363; x_wconf 84' lang='lat' dir='ltr'><strong>om.</strong></span> <span class='ocrx_word' id='word_1_292' title='bbox 226 3310 253 3363; x_wconf 91' lang='lat' dir='ltr'><strong><em>L</em></strong></span> <span class='ocrx_word' id='word_1_293' title='bbox 280 3310 289 3377; x_wconf 95' lang='grc'><strong>11</strong></span> <span class='ocrx_word' id='word_1_294' title='bbox 318 3313 350 3359; x_wconf 90' lang='grc'>18</span> <span class='ocrx_word' id='word_1_295' title='bbox 372 3307 581 3361; x_wconf 87' lang='lat' dir='ltr'><strong>considerantes</strong></span> <span class='ocrx_word' id='word_1_296' title='bbox 603 3308 629 3362; x_wconf 76' lang='lat' dir='ltr'><strong><em>G</em></strong></span> <span class='ocrx_word' id='word_1_297' title='bbox 658 3309 661 3379; x_wconf 96' lang='grc'>1</span> <span class='ocrx_word' id='word_1_298' title='bbox 691 3308 786 3361; x_wconf 87' lang='lat' dir='ltr'><strong>fascea</strong></span> <span class='ocrx_word' id='word_1_299' title='bbox 809 3307 1005 3377; x_wconf 71' lang='lat' dir='ltr'><strong><em>PLQVEF,</em></strong></span> <span class='ocrx_word' id='word_1_300' title='bbox 1028 3308 1118 3362; x_wconf 87' lang='lat' dir='ltr'><strong>fascia</strong></span> <span class='ocrx_word' id='word_1_301' title='bbox 1140 3311 1173 3363; x_wconf 77' lang='lat' dir='ltr'><strong>ia</strong></span> 
     </span>
     <span class='ocr_line' id='line_1_36' title="bbox 160 3378 1146 3450; baseline 0.001 -16"><span class='ocrx_word' id='word_1_302' title='bbox 160 3397 262 3434; x_wconf 75' lang='lat' dir='ltr'><strong>rasura</strong></span> <span class='ocrx_word' id='word_1_303' title='bbox 278 3378 304 3432; x_wconf 74' lang='lat' dir='ltr'><strong><em>G</em></strong></span> <span class='ocrx_word' id='word_1_304' title='bbox 330 3380 339 3446; x_wconf 92' lang='grc'><strong>11</strong></span> <span class='ocrx_word' id='word_1_305' title='bbox 368 3383 400 3430; x_wconf 86' lang='grc'>19</span> <span class='ocrx_word' id='word_1_306' title='bbox 419 3378 538 3432; x_wconf 81' lang='lat' dir='ltr'><strong>locums</strong></span> <span class='ocrx_word' id='word_1_307' title='bbox 564 3379 573 3445; x_wconf 93' lang='grc'><strong>11</strong></span> <span class='ocrx_word' id='word_1_308' title='bbox 600 3384 635 3430; x_wconf 84' lang='grc'><strong>24</strong></span> <span class='ocrx_word' id='word_1_309' title='bbox 653 3378 837 3446; x_wconf 89' lang='lat' dir='ltr'><strong>relinquimus</strong></span> <span class='ocrx_word' id='word_1_310' title='bbox 856 3397 894 3433; x_wconf 87' lang='lat' dir='ltr'><strong>ac</strong></span> <span class='ocrx_word' id='word_1_311' title='bbox 920 3381 929 3448; x_wconf 94' lang='grc'><strong>11</strong></span> <span class='ocrx_word' id='word_1_312' title='bbox 957 3384 990 3432; x_wconf 76' lang='lat'><strong>25</strong></span> <span class='ocrx_word' id='word_1_313' title='bbox 1008 3378 1095 3450; x_wconf 88' lang='lat' dir='ltr'><strong>iungo</strong></span> <span class='ocrx_word' id='word_1_314' title='bbox 1119 3382 1146 3435; x_wconf 89' lang='lat' dir='ltr'><strong><em>L</em></strong></span> 
     </span>
     <span class='ocr_line' id='line_1_37' title="bbox 162 3447 1166 3522; baseline 0.002 -20"><span class='ocrx_word' id='word_1_315' title='bbox 162 3449 324 3520; x_wconf 86' lang='lat' dir='ltr'><strong>stringimus</strong></span> <span class='ocrx_word' id='word_1_316' title='bbox 348 3447 606 3516; x_wconf 75' lang='lat' dir='ltr'><strong>PLQVSETFi</strong></span> <span class='ocrx_word' id='word_1_317' title='bbox 626 3450 630 3519; x_wconf 94' lang='grc'>1</span> <span class='ocrx_word' id='word_1_318' title='bbox 652 3452 680 3503; x_wconf 85' lang='lat' dir='ltr'><strong>et</strong></span> <span class='ocrx_word' id='word_1_319' title='bbox 694 3464 875 3518; x_wconf 89' lang='lat' dir='ltr'><strong>—ponemus</strong></span> <span class='ocrx_word' id='word_1_320' title='bbox 894 3467 944 3504; x_wconf 82' lang='lat' dir='ltr'><strong>ora.</strong></span> <span class='ocrx_word' id='word_1_321' title='bbox 962 3450 1007 3520; x_wconf 66' lang='grc'>(11</span> <span class='ocrx_word' id='word_1_322' title='bbox 1025 3467 1108 3520; x_wconf 88' lang='lat' dir='ltr'><strong>supra</strong></span> <span class='ocrx_word' id='word_1_323' title='bbox 1128 3470 1146 3504; x_wconf 86' lang='lat' dir='ltr'><strong>a</strong></span> <span class='ocrx_word' id='word_1_324' title='bbox 1164 3453 1166 3522; x_wconf 91' lang='grc'>1</span> 
     </span>
     <span class='ocr_line' id='line_1_38' title="bbox 161 3518 411 3590; baseline 0 -18"><span class='ocrx_word' id='word_1_325' title='bbox 161 3518 411 3590; x_wconf 85' lang='lat' dir='ltr'><strong>261igauimusL</strong></span> 
     </span>
    </p>
   </div>
   <div class='ocr_carea' id='block_1_6' title="bbox 0 0 1274 3940">
    <p class='ocr_par' dir='ltr' id='par_1_8' title="bbox 0 0 1274 3940">
     <span class='ocr_line' id='line_1_39' title="bbox 0 0 1274 3940; baseline 0 0"><span class='ocrx_word' id='word_1_326' title='bbox 0 0 1274 3940; x_wconf 95' lang='lat' dir='ltr'><strong> </strong></span> 
     </span>
    </p>
   </div>
  </div>
 </body>
</html>
