2524 3946
452 212 757 306 summme-ro
1037 209 1099 281 12t

87 363 184 429 aliter
208 365 333 430 semina
355 363 539 448 putrefacta
562 364 749 448 depereunt.
785 363 847 428 hoo
868 381 979 428 meuse
998 363 1152 430 blitnsll

87 455 206 518 seritur
235 454 306 518 solo
336 451 563 538 qualicumque
590 453 645 516 sed
668 451 769 517 enlto.
815 452 887 517 olus
910 452 974 518 hoo
996 472 1100 536 neque

86 543 287 608 mummium
304 547 479 626 estusque
499 539 735 606 sarculandum.
773 557 847 606 eum
867 541 967 606 semel
985 546 1101 606 natum

85 632 196 716 fuerit,
215 631 323 716 ipsum
341 645 376 696 se
390 648 449 716 per
463 629 568 694 multa
580 630 692 694 secula
705 630 840 694 seminis
855 630 906 695 sui
918 630 1100 696 deiectione

59 721 267 806 sraparabit,
289 725 341 804 ut,
361 718 494 784 etiamsi
517 719 609 801 uelis,
634 717 689 782 uix
711 715 818 803 possit
840 719 974 784 aboleri.
1014 737 1100 784 nuno

83 810 185 875 etiam
214 809 383 894 serpillum
411 805 530 872 seritur
557 808 678 892 mentis
711 811 745 872 et
774 808 896 872 semine
924 808 981 872 sed
1009 813 1100 872 uetu-

83 903 172 964 state
196 897 334 963 meliori.
370 897 489 962 laetius
512 897 688 981 tondebit,
708 897 740 961 si
758 896 851 962 iuxta
869 895 1028 980 piscinam
1047 896 1101 960 uel

81 989 194 1053 laeum
216 988 269 1052 uel
288 987 380 1071 putei
399 985 562 1072 margines
580 989 781 1050 conseratur.
818 1001 952 1050 anesum
971 1003 1099 1070 quoque

82 1083 117 1142 et
131 1076 300 1162 eyminum
313 1094 399 1141 nune
413 1075 495 1140 bene
511 1074 639 1140 seritur.
670 1067 752 1139 locis
772 1074 964 1140 laetioribus
983 1075 1099 1138 melius

44 1191 69 1230 ιο
82 1165 239 1252 prouenit
257 1165 403 1249 luemque
421 1164 596 1249 ueteris,·si
615 1179 728 1228 umore
748 1164 880 1228 iuuetur
899 1168 933 1228 et
947 1167 1099 1227 stercore.

480 1388 540 1459 DE
563 1388 707 1460 POMIS.

150 1518 316 1586 MALVM
328 1514 541 1585 PVNIOVM.
569 1517 665 1584 Locis
682 1517 875 1602 temporatia
889 1537 999 1584 mense
1013 1539 1099 1583 mar·
1121 1518 1153 1584 X

78 1611 130 1676 tio
159 1609 215 1674 uel
242 1607 339 1694 aprili
367 1609 454 1674 mala
481 1608 784 1692 permoneremus,
817 1608 930 1672 ualidis
958 1629 1037 1673 uero
1064 1613 1099 1673 et

78 1700 181 1765 sionis
207 1698 388 1763 nouembri.
434 1701 522 1762 amat
548 1697 629 1762 haee
657 1696 756 1762 arbor
788 1697 896 1761 solum
928 1701 1100 1782 cretosum,

41 1815 65 1854 1⁵
79 1788 306 1871 macilentum,
330 1787 386 1852 sed
409 1787 444 1851 in
466 1785 580 1870 pingui
602 1786 704 1850 etiam
727 1785 888 1870 prouenit.
934 1785 1025 1872 regio
1049 1787 1099 1850 illi

78 1883 135 1943 est
155 1881 246 1961 apta,
270 1895 352 1961 quae
376 1875 482 1941 ualida
502 1879 563 1940 est
604 1876 725 1938 santur
748 1875 870 1959 plantis
895 1875 933 1939 de
956 1879 1099 1939 matrum

78 1966 192 2032 redies
212 1964 364 2030 deuulsis.
400 1965 456 2029 sed
475 1964 624 2048 quemuis
643 1963 756 2027 maltis
770 1963 947 2049 generibus
962 1970 1099 2046 seratur,

77 2055 202 2121 melius
229 2059 341 2119 tamen
368 2071 478 2118 ramus
507 2054 575 2118 eins
602 2052 755 2117 cubitalis
784 2052 906 2117 innisus
935 2052 1099 2119 manubrii

77 2143 302 2212 ussntmine
330 2147 364 2207 et
391 2141 498 2226 sapite
525 2146 664 2225 utroque
694 2145 789 2205 acuta
820 2141 903 2205 falce
935 2141 1098 2226 lenigatus

40 2261 65 2298 so
79 2231 195 2300 scrobi
222 2233 315 2296 uelut
341 2231 495 2316 obliquus
522 2231 727 2316 inmergitur.
773 2230 863 2314 prius
892 2234 1002 2294 tamen
1027 2249 1099 2314 por-

77 2325 158 2390 oino
183 2326 328 2386 stercore
350 2324 385 2384 et
407 2321 442 2384 in
465 2320 571 2403 eapite
594 2323 629 2383 at
651 2319 686 2383 in
708 2323 816 2404 parte,
844 2339 927 2401 quae
950 2317 1017 2382 ima
1039 2323 1100 2401 est,

77 2412 254 2478 oblinatur
283 2409 337 2474 uel
369 2409 403 2473 in
436 2409 536 2474 oredo
569 2409 640 2472 solo
671 2408 788 2471 malleo
817 2412 954 2492 rogatur
980 2408 1023 2472 ad
1053 2408 1100 2472 in-

78 2500 207 2566 feriora
233 2498 341 2584 defigi.
386 2497 504 2562 melius
532 2497 716 2581 proueniet‚
745 2497 773 2560 si
796 2497 964 2580 ponendus
988 2519 1099 2562 ramus
1132 2501 1152 2564 2

78 2591 272 2676 gemmante
303 2588 370 2651 ism
401 2591 507 2651 matre
540 2590 697 2651 sumetur.
741 2585 798 2650 sed
834 2585 890 2671 qui
921 2585 956 2650 in
987 2587 1101 2652 sorobe

40 2706 66 2744 ss
80 2677 234 2763 deponit,
270 2676 298 2740 si
332 2679 400 2741 tres
432 2675 563 2760 lapillos
600 2676 634 2739 in
666 2675 739 2759 ipsa
770 2675 877 2740 radiae
910 2677 1101 2759 constituat,

158 2875 174 2922 2
194 2877 370 2937 quacumque
391 2867 467 2949 Qllt
487 2879 595 2936 semper
613 2867 640 2920 V
651 2871 690 2937 tlt
709 2863 801 2936 planti
822 2867 845 2936 Q
860 2869 864 2936 l
881 2864 1019 2920 uetustati
1036 2864 1100 2934 ΕΘ,

80 2940 187 2996 melior
204 2940 246 3008 Ε,
269 2941 408 2993 uetustam
430 2937 539 2992 meliori
561 2939 595 3007 G,
619 2939 669 2992 sed
692 2940 836 2992 uetustate
855 2935 970 2991 meliore
990 2953 1074 3004 osup
1091 2937 1101 3007 ll

81 3020 99 3067 7
119 3012 199 3065 iusta
220 3010 367 3080 pasoinam
385 3010 416 3063 E
440 3011 449 3079 ll
477 3014 493 3063 8
516 3026 634 3079 magnas
657 3027 710 3079 pro
733 3009 874 3080 margines
895 3008 921 3062 G
950 3011 954 3074 1
984 3006 1102 3060 Anisum

81 3085 116 3138 E
120 3084 249 3152 Fiaaqs
264 3085 268 3152 l
285 3093 396 3150 quoque
409 3095 460 3135 om.
468 3097 490 3149 p
502 3082 512 3150 ll
527 3086 542 3134 9
555 3079 691 3134 ciminum
705 3083 739 3134 te
755 3082 758 3149 l
775 3080 901 3151 locisque
907 3095 929 3146 p
942 3080 951 3148 ΙΙ
967 3083 1000 3131 10
1015 3078 1102 3132 ceteri

80 3155 144 3209 PL
150 3153 183 3224 Q,
202 3169 253 3207 om.
268 3153 316 3224 ΕΙ
332 3152 446 3207 iubetur
461 3152 550 3222 PLQ
563 3155 572 3222 ll
587 3158 618 3205 11
635 3151 683 3204 DE
698 3151 808 3205 Porus
822 3145 913 3204 MALI
927 3147 1050 3205 PVNIOI
1064 3149 1101 3218 E,

82 3225 135 3279 DE
153 3223 249 3279 Pomis
267 3221 291 3277 ἃ
308 3220 384 3277 malo
422 3223 505 3278 unico
524 3225 579 3278 iae
592 3226 601 3293 ll
616 3229 649 3276 15
667 3222 852 3276 maoilentum
870 3237 920 3274 om.
935 3222 967 3275 E
977 3223 987 3291 lt
1007 3227 1039 3274 tt
1060 3221 1102 3274 di·

81 3295 176 3350 uulsis
194 3297 271 3350 codd.
285 3298 295 3365 lt
309 3299 343 3348 18
361 3239 529 3348 eubitsssauis
544 3312 566 3364 p
582 3300 586 3361 1
601 3293 733 3349 manubri
748 3291 857 3362 1³qu
872 3297 906 3345 20
925 3291 1012 3347 uelud
1030 3293 1102 3347 obli-

81 3381 135 3422 ous
153 3367 186 3422 Ε
196 3366 206 3437 l
220 3371 253 3420 tl
274 3369 304 3420 et
321 3365 351 3419 in
368 3369 450 3436 parte
469 3369 498 3420 et
515 3365 546 3418 in
565 3365 659 3435 eapite
677 3379 750 3433 quae
769 3363 848 3417 humi
867 3365 910 3418 est
928 3365 959 3418 Ε
970 3367 980 3434 ll
999 3369 1033 3417 tt
1053 3364 1101 3416 ob-

83 3438 205 3493 l'niatur
223 3431 254 3492 Ε
277 3441 289 3507 lt
316 3439 350 3491 28
373 3438 483 3507 pondus
505 3439 530 3491 T
555 3439 564 3507 ΙΙ
592 3443 626 3490 24
645 3437 804 3507 gemmatae
824 3437 857 3502 Ρ,
877 3437 1017 3506 geminate
1035 3435 1100 3504 LQ,

83 3512 219 3581 gemunte
238 3505 275 3578 F,
294 3511 449 3579 gemmatus
464 3524 518 3578 pro
536 3511 697 3579 gemmante
715 3506 774 3560 iam
791 3509 882 3560 matre
904 3508 934 3573 T,
959 3507 1101 3575 gemmata

83 3583 174 3652 incy,
193 3582 354 3650 gemmante
372 3580 430 3634 iam
448 3598 498 3635 om.
510 3596 532 3649 p
546 3583 555 3649 tl
570 3585 603 3632 25
623 3577 716 3649 lapilli
730 3578 761 3630 Ε
773 3581 782 3647 ΙΙ
796 3577 1005 3632 constituantur
1023 3577 1054 3630 Ε
