2556 3942
544 222 751 280 PRAEFATIO
1116 227 1158 284 IX

135 378 240 438 autem
275 391 435 432 numerum
469 376 531 434 148
568 375 683 453 legitur
717 376 791 435 haec
828 395 949 453 quoqne
981 378 1154 455 inscriptio:

136 465 231 527 Olim
254 462 376 522 Medio.
399 465 471 523 100.
509 465 601 539 atque
624 463 673 524 hio
696 465 819 540 quidem
842 465 942 544 codex,
967 487 1153 545 quamquam

134 557 182 617 est
209 554 344 630 integer,
367 554 470 612 tamen
496 552 609 613 multas
636 554 728 612 habet
755 571 877 614 rasuras
904 559 935 614 et
958 559 1153 637 correcturas,

135 663 215 722 quae
239 642 278 702 ad
305 641 552 719 orthographiam
581 644 613 702 et
639 641 903 702 adsimulationem
930 647 1077 720 spectant.
1123 653 1156 707 et

136 752 216 810 quae
239 730 398 790 defuerant
420 730 540 790 litterae
564 733 595 790 et
616 731 722 810 rerba,
750 731 922 807 saepissime
945 733 1024 794 inter
1050 735 1156 816 lineas,

134 837 365 896 nonnumquam
387 818 420 876 in
442 821 529 878 textu
556 820 708 896 adscripta
736 822 820 880 sunt:
847 821 903 880 hae
932 824 1035 882 autem
1061 824 1155 884 inter·

133 909 305 989 polationes
332 909 364 968 et
386 908 551 968 vetustiore
578 911 609 968 ot
635 908 799 969 recentiore
829 929 923 968 manu
948 911 1048 971 factae
1072 915 1153 973 sunt.

133 1003 229 1077 atque
261 997 310 1058 hio
342 996 446 1076 codex,
479 997 617 1075 quamvis
645 1017 714 1056 oum
740 997 778 1056 iis
810 998 921 1077 tribus,
955 1018 1031 1076 quos
1061 1002 1154 1062 modo

133 1087 347 1164 tractavimus,
377 1086 555 1163 plerumque
578 1087 759 1164 consentiat,
787 1087 889 1146 tamen
912 1089 1026 1148 multas
1048 1090 1153 1151 lectio-

132 1197 187 1238 nes
210 1175 302 1236 habet
328 1175 507 1253 peculiares,
535 1194 612 1252 quas
635 1175 714 1234 alius
740 1175 865 1251 praebet
887 1177 998 1238 nullus.
1045 1179 1152 1256 itaque

133 1287 196 1327 non
224 1265 330 1325 dubito
358 1264 439 1324 huno
466 1263 599 1324 codicem
627 1265 660 1323 iu
688 1265 818 1325 secundo
845 1285 953 1343 genere
984 1286 1153 1331 numerare.

133 1355 252 1416 contuli
276 1356 380 1412 autem
402 1373 471 1413 eum
489 1352 685 1413 Vindobonae
709 1372 809 1414 mense
832 1355 942 1414 martio
963 1357 1035 1414 anni
1055 1358 1152 1418 1875.

201 1443 347 1503 Eiusdem
369 1443 486 1519 generis
509 1442 642 1502 codicem
666 1460 729 1502 esse
753 1442 890 1503 existimo
908 1444 1152 1524 Lugdunensem,

132 1536 171 1594 de
195 1552 255 1610 quo
280 1549 371 1607 supra
394 1531 464 1610 dixi,
488 1530 550 1592 sive
569 1530 605 1609 G,
628 1531 701 1608 quia
724 1532 754 1591 et
777 1532 936 1592 continuas
959 1534 1051 1594 habet
1074 1535 1151 1594 duas

131 1639 242 1684 manus
271 1620 415 1680 secundas
443 1637 553 1696 easque
586 1620 714 1680 alteram
741 1623 894 1680 vetustam
922 1622 1050 1682 alteram
1077 1624 1153 1683 satis

131 1713 285 1773 recentem
313 1712 343 1768 et
371 1709 532 1769 nonnullas
560 1708 782 1768 emendationes
809 1711 924 1788 textus,
958 1712 1012 1788 qui
1039 1732 1075 1771 ex
1097 1713 1153 1772 illo

132 1801 236 1862 codiee
259 1798 454 1858 Laudunensi
476 1799 605 1856 haustus
628 1815 691 1858 esse
714 1798 789 1856 mihi
807 1798 936 1859 videtur.
1185 1810 1189 1817 ·

202 1887 340 1948 Tertium
369 1905 464 1965 genus
494 1886 609 1947 codices
637 1886 772 1946 efficiunt
801 1891 831 1946 et
859 1887 990 1948 secunda
1020 1889 1152 1966 quadam

131 1997 228 2040 manu
251 1976 402 2037 emendati
425 1979 456 2036 et
478 1976 581 2035 multis
605 1975 890 2052 interpolationibus
914 1978 1057 2053 corrupti.

200 2068 249 2126 Ex
271 2066 314 2124 eis
337 2068 383 2124 est
406 2065 498 2125 codex
519 2065 544 2124 S
565 2064 585 2122 i.
605 2085 628 2124 e.
647 2063 805 2124 Parisinus
825 2067 946 2125 683οΕ
965 2067 1154 2126 membrana-

131 2174 214 2235 ceus,
237 2155 492 2233 manuscriptus,
516 2154 590 2214 olim
611 2153 648 2215 D.
671 2153 831 2231 Dufresne,
854 2154 968 2214 saeculi
990 2155 1041 2232 XI,
1065 2155 1153 2215 folio·

130 2266 203 2306 rum
232 2246 287 2322 12,
317 2261 458 2304 versuum
487 2246 543 2320 36,
577 2242 699 2301 maioris
726 2241 841 2302 formae
872 2242 1031 2322 oblongae,
1062 2262 1154 2320 quem

130 2333 260 2394 Parisiis
277 2350 379 2392 mense
398 2331 561 2408 septembri
577 2333 661 2391 1874
682 2331 805 2391 oontuli.
841 2331 891 2390 hie
908 2350 1029 2408 quoque
1047 2353 1153 2393 umore

131 2423 262 2486 vitiatus
286 2423 333 2480 est
355 2421 459 2497 aliqua
482 2441 518 2480 er
540 2422 634 2496 parte.
680 2421 759 2478 inest
779 2438 887 2478 manus
911 2421 1049 2500 secunda,
1067 2439 1153 2498 ‘quae

131 2513 211 2573 tales
239 2529 360 2570 rasuras
388 2513 419 2570 et
446 2512 631 2570 correcturas
663 2509 749 2583 feeit,
782 2509 886 2584 quales
911 2509 1152 2570 Vindobonensis

132 2601 233 2661 habet.
279 2599 386 2658 multis
412 2599 486 2658 locis
509 2597 757 2674 interpolationes
782 2600 949 2657 occurrunt.
987 2617 1025 2657 ex
1048 2599 1153 2659 eodem

131 2692 230 2767 fonte,
260 2707 296 2747 ex
324 2707 383 2765 quo
412 2687 504 2748 codex
526 2687 550 2746 S
571 2686 718 2764 originem
745 2686 840 2765 ducit,
873 2688 1061 2747 Erfurtensis
1090 2688 1153 2749 sive

131 2781 165 2839 E
177 2776 341 2855 emanavit,
360 2777 392 2836 id
410 2777 492 2853 quod
508 2795 603 2852 paene
623 2775 856 2835 innumerabiles
875 2777 1017 2837 lectiones
1032 2777 1153 2837 demon-

131 2869 247 2928 strant:
281 2885 379 2942 neque
413 2884 528 2942 paucae
562 2864 810 2940 interpolationes
837 2865 869 2923 in
898 2885 933 2925 eo
960 2865 1154 2941 reperiuntur

132 2955 310 3034 peculiares.
355 2957 447 3032 atque
470 2954 617 3014 nonnulla
640 2955 711 3012 sunt
733 2953 853 3030 indicia,
878 2955 987 3029 quibus
1011 2954 1154 3034 adducor,

132 3049 168 3106 ut
192 3045 310 3106 codices
333 3043 357 3102 S
378 3046 409 3102 et
431 3043 464 3102 E
485 3063 521 3102 ex
545 3042 572 3102 G
595 3043 720 3101 haustos
744 3059 807 3102 esse
831 3042 1006 3102 existimem.

199 3133 348 3193 Eiusdem
369 3132 486 3212 generis
514 3133 560 3192 est
587 3131 679 3190 codex
703 3131 731 3188 Τ
750 3131 771 3189 i.
794 3150 818 3190 e.
842 3131 998 3190 Parisinus
1023 3134 1110 3192 6830
1119 3133 1152 3210 F,

133 3243 226 3283 manu
251 3222 394 3301 scriptus,
421 3221 534 3298 partim
560 3220 805 3280 membranaceus
832 3219 944 3295 partim
967 3221 1152 3299 chartaceus,

133 3313 205 3374 olim
218 3313 387 3371 Puteanus.
415 3329 485 3387 pars
500 3311 565 3370 eius
579 3309 669 3388 prior,
689 3309 923 3386 membranacea,
942 3310 1085 3369 foliorum
1100 3312 1153 3388 80,

133 3419 278 3461 versuum
298 3403 349 3478 29,
372 3399 495 3459 maioris
517 3400 631 3459 formae
656 3398 811 3476 oblongae,
835 3399 948 3456 saeculi
966 3398 1048 3475 XIII,
1072 3416 1151 3473 quae

133 3488 265 3550 Palladii
298 3488 390 3548 libros
421 3488 566 3548 tredecim
597 3486 743 3563 eontinet,
774 3504 793 3543 a
822 3505 869 3543 mo
897 3486 1021 3545 Parisiis
1049 3503 1150 3544 meuse

137 3579 297 3656 septembri
320 3579 392 3638 anni
416 3581 502 3639 1814
531 3576 651 3636 conlata
679 3576 737 3634 est:
763 3573 913 3649 posterior
940 3576 1043 3632 autem
1070 3591 1151 3652 pars,
