2538 3942
423 217 542 275 Acme.
556 217 634 274 v1111
647 224 733 274 8-11
1020 220 1085 286 195

78 367 189 448 puteos
217 363 376 430 fodiemus
405 386 508 449 usque
536 365 577 430 ad
600 385 703 449 equae
725 363 828 449 ipsius
851 365 1084 432 libramentum

77 456 109 517 et
135 455 175 518 eb
208 453 259 518 his
292 452 458 520 foramine
484 453 636 518 hincinde
667 452 833 538 patefacte
864 454 955 520 uelut
989 477 1085 520 neres

76 541 161 606 intro
180 562 323 627 agemus,
343 564 407 627 que
424 564 545 609 nocens
564 541 699 626 spiritus
719 546 888 626 euoporet:
913 564 977 626 quo
996 541 1084 610 fecto

76 629 176 696 latere
208 636 382 716 puteorum
414 634 579 698 structura
611 630 776 716 suscipiet.
831 629 1001 697 fodiendus
1035 636 1086 698 est

53 723 181 786 sautem
210 723 327 804 puteus
356 719 529 785 latitudine
556 723 632 786 octo
664 720 783 804 pedum
813 741 1085 806 quoquouersum,

75 812 109 872 ut
140 807 237 874 binos
263 808 362 893 pedes
390 811 557 874 structure
585 808 770 874 concludet:
803 830 885 892 quae
919 813 1085 876 structura

73 897 219 964 uectibus
238 897 357 982 ligneis
376 897 513 964 subinde
532 897 706 962 denseetur
724 901 757 962 et
776 901 900 964 structe
918 897 963 963 sit
976 898 1083 982 lapide

73 985 182 1052 toficio
199 985 251 1051 uel
266 986 367 1051 silice.
391 987 420 1052 si
435 1007 519 1070 aqua
532 985 651 1051 limosa
664 985 774 1069 fuerit,
792 985 870 1051 selis
885 985 1083 1052 admixtione
1107 989 1127 1054 3

74 1075 261 1161 corrigetur.
290 1075 346 1142 sed
362 1075 438 1140 dum
452 1073 597 1140 fodietur
609 1079 737 1159 puteus,
757 1074 784 1140 ei
798 1079 886 1140 terre
899 1096 966 1140 non
980 1075 1084 1140 stabit

36 1187 60 1228 ιι
71 1163 152 1228 uitio
181 1163 310 1249 generis
339 1163 492 1229 dissoluti
520 1167 577 1228 eut
603 1185 717 1230 umore
745 1163 924 1250 laxabitur,
952 1164 1082 1229 tabulas

71 1251 191 1318 obicies
224 1252 364 1318 directas
392 1253 533 1337 undique
562 1256 596 1317 et
624 1274 677 1317 ees
705 1252 903 1318 transuersis
932 1253 1082 1319 uectibus

70 1340 260 1426 sustinebis,
282 1363 323 1408 ne
347 1341 507 1407 fodientes
530 1341 625 1406 ruine
648 1340 829 1407 concludet.

334 1571 393 1636 DE
417 1569 540 1648 AQVA
564 1570 817 1637 PROBANDA.

130 1697 263 1782 Aquem
291 1718 369 1762 uero
397 1716 519 1762 nouem
542 1695 589 1761 sic
611 1697 777 1782 prebebis.
822 1697 857 1762 in
879 1719 956 1763 uase
980 1720 1080 1763 eeneo
1103 1697 1135 1764 X

33 1785 171 1851 1511lbid0
197 1786 339 1871 spargis,
363 1788 396 1851 et
420 1785 448 1850 si
472 1787 632 1850 maculem
655 1807 723 1850 non
744 1784 872 1870 fecerit,
898 1787 1080 1871 probabilis

66 1873 237 1940 iudicetur.
269 1874 350 1941 item
369 1874 504 1941 decoctu
522 1895 622 1940 aeneo
641 1875 785 1958 aesculo,
805 1875 832 1938 si
851 1875 1008 1941 herenam
1025 1876 1079 1940 uel

64 1961 180 2028 limum
212 1984 278 2028 non
305 1963 468 2047 relinquet
495 1964 529 2028 in
557 1961 671 2047 fundo,
703 1963 795 2028 utilis
824 1964 895 2030 erit.
941 1964 1021 2030 item
1050 1964 1078 2029 si

64 2051 232 2138 legumine
264 2053 329 2118 cito
360 2052 486 2118 uelebit
518 2071 696 2136 excoquere
728 2052 781 2118 uel
814 2053 842 2116 si
869 2052 977 2118 colore
1005 2075 1080 2136 per-

64 2139 170 2208 lucido
200 2162 312 2206 cerens
341 2162 452 2206 musco
481 2145 514 2207 et
536 2142 625 2206 omni
648 2140 722 2206 lebe
744 2141 937 2226 pollutionis
962 2141 1077 2205 aliene

30 2231 118 2294 used
147 2229 206 2313 qui
233 2229 268 2294 in
296 2229 363 2295 alto
393 2233 470 2295 sunt
496 2228 600 2315 putei,
630 2229 804 2313 perferetis
832 2251 935 2314 usque
964 2231 1005 2296 ad
1032 2229 1079 2294 in-

63 2317 175 2384 fimam
208 2321 335 2402 purtem
365 2319 462 2383 terris
491 2318 531 2383 ed
558 2318 631 2384 locu
657 2317 813 2384 inferiore
839 2323 979 2404 possunt
1006 2317 1078 2384 uice

62 2405 164 2472 fontis
190 2407 293 2493 exire,
316 2405 344 2472 si
366 2406 464 2471 uallis
488 2406 652 2472 subiectae
674 2410 794 2472 nature
816 2407 998 2492 permittet.

326 2637 385 2703 DE
409 2637 562 2716 AQVAE
587 2634 816 2704 DVCTIBVS.

129 2761 215 2829 Cum
242 2784 320 2828 uero
348 2761 493 2829 ducenda
519 2765 570 2826 est
598 2783 696 2848 aqua,
724 2763 853 2828 ducitur
876 2767 934 2828 eut
958 2763 1065 2830 formu
1083 2763 1131 2828 XI

25 2875 47 2915 ιι
61 2857 169 2920 struet
154 2851 208 2918 tili
240 2856 297 2918 eut
327 2851 576 2937 plumbeist
521 2851 576 2916 fist
577 2851 642 2916 ulis
675 2856 733 2917 sut
718 2853 929 2918 tcenelibus
957 2851 1076 2937 ligneis

132 3015 149 3062 3
176 3007 255 3062 intus
282 3009 375 3090 iacpe
413 3011 417 3079 Ι
464 3024 566 3063 nocens
594 3007 669 3062 intro
697 3007 812 3078 spiritus
835 3009 862 3061 L
898 3007 907 3078 ΙΙ
939 3013 956 3060 4
984 3006 1077 3064 latere

58 3096 108 3134 οιιι.
125 3080 157 3133 Ε
185 3081 189 3149 Ι
219 3077 354 3148 suscipiet
377 3080 408 3134 Ε
432 3081 442 3150 ΙΙ
469 3085 485 3134 6
503 3081 605 3149 puteus
628 3095 677 3134 om.
698 3080 729 3134 E
751 3081 755 3151 Ι
781 3077 941 3132 latitudine.
970 3078 1003 3132 V.
1028 3096 1077 3148 p-e

58 3151 158 3205 dumi
184 3153 194 3220 ΙΙ
222 3150 406 3205 beoncludet
424 3151 451 3205 L
477 3153 487 3222 ΙΙ
503 3099 735 3218 medensem&
755 3150 956 3230 densenturp
977 3149 1076 3204 dense-

56 3225 104 3276 tur
123 3222 283 3292 ETiucqe
307 3223 312 3291 Ι
337 3220 437 3276 stricte
455 3222 481 3276 V
500 3225 510 3292 ΙΙ
536 3226 553 3275 8
572 3220 676 3276 tofec1o
696 3238 773 3304 coqs
797 3225 801 3290 Ι
827 3219 900 3289 sitp
922 3223 932 3290 ΙΙ
955 3226 971 3274 9
992 3221 1076 3275 corri-

58 3293 138 3362 gitur
156 3293 233 3348 codd
252 3294 313 3361 eti,
334 3292 545 3363 corrigetnrco
531 3309 584 3347 cs
600 3291 752 3362 lfoditur'
740 3309 841 3362 caepe,
860 3289 950 3346 fodiet
938 3293 984 3346 tur
998 3292 1054 3347 SE
1066 3292 1076 3364 ΙΙ

58 3369 91 3417 12
113 3361 334 3418 sustinebisom.
352 3364 399 3434 ΘΙ
415 3369 448 3418 13
557 3363 814 3432 ΝΤΑιιιιΕΙΜ
833 3363 1012 3434 ussoP17
1031 3378 1074 3416 re

57 3434 207 3504 liquide,
226 3433 342 3503 reliquit
360 3365 399 3504 Ei
414 3433 550 3504 relinquit
568 3441 607 3489 ce
607 3452 647 3488 ιιι
667 3436 671 3503 Ι
692 3435 735 3488 est
752 3434 783 3488 Ε
806 3436 816 3504 ΙΙ
844 3440 877 3488 18
897 3364 1073 3502 equoquerc

57 3506 156 3561 PLE
167 3509 195 3588 Ι
190 3505 281 3560 colore
300 3522 350 3560 om.
366 3479 422 3576 ΕἸΙ
442 3512 474 3560 19
494 3505 578 3560 labae
599 3506 646 3574 θΙΙ
665 3510 699 3558 20
717 3505 813 3558 fimam
831 3505 866 3574 L,
885 3504 1045 3558 ultimem'
1033 3522 1044 3557 ι
1062 3504 1072 3577 ΙΙ

57 3583 92 3632 25
114 3576 197 3631 fictrli
215 3576 261 3632 uel
281 3576 403 3632 structili
421 3578 452 3630 Ε

862 3663 913 3718 13*
