2556 3942
142 201 211 257 VIII
552 199 758 256 PRAEFATIO

142 370 250 413 auersa
263 351 376 430 pagina
389 351 456 412 folii
470 351 685 429 septuagesimi
698 351 788 428 primi
807 350 848 410 sic
862 351 982 428 incipit:
1004 351 1152 411 DIETA.

144 441 252 502 Ratio
285 440 552 501 observationis
576 442 645 518 eto,
676 443 782 516 postea
810 440 923 518 legitur
952 441 1152 519 fragmentum

143 529 428 592 commentariorum
451 528 595 590 Caesaris.
640 529 689 588 hic
712 548 833 606 quoque
856 529 948 589 codex
970 529 1062 590 habet
1085 549 1104 590 a
1125 532 1153 590 et

142 621 282 682 clausum
299 621 331 677 et
349 620 495 697 apertum,
519 623 530 677 t
547 636 774 694 nonnumquam
792 618 976 697 subversum,
999 637 1020 677 0
1039 619 1155 695 saepius

142 707 270 785 capitali
301 708 399 767 forma
431 707 565 786 aliaque,
602 726 679 784 quae
716 707 882 784 scripturae
914 707 1154 786 Merovingianae
1276 785 1277 792 ,

144 796 266 877 propria
289 799 369 855 sunt.
405 815 502 873 neque
524 797 557 855 in
580 814 614 856 eo
638 796 738 856 codice
762 796 872 855 absunt
894 797 972 856 tales
992 797 1060 874 loci,
1084 816 1154 874 qua·

143 889 187 948 les
215 905 284 946 eum
312 885 429 945 alibro
452 885 550 946 verbis
578 885 800 946 continentibus
828 884 938 961 scripto
967 887 1068 944 ortum
1095 904 1155 945 esse

141 976 364 1037 demonstrant:
401 973 454 1050 qui
486 993 555 1033 cum
591 973 748 1050 aliquanto
780 974 936 1050 pauciores
969 974 1030 1034 sint
1060 993 1156 1051 neque

143 1065 242 1126 multa
264 1064 373 1122 menda
395 1063 548 1141 legantur,
575 1062 716 1123 librarius
738 1063 829 1124 huius
853 1062 962 1123 codIcis
984 1063 1158 1142 diligentior
1276 1081 1277 1144 ζ

141 1157 175 1216 et
206 1153 250 1213 rei
281 1152 505 1230 intellegentior
536 1152 629 1212 fuisse
661 1152 782 1212 videtur
814 1171 906 1228 quam
938 1152 1155 1212 Laudunensis.

140 1247 236 1320 atque
265 1240 314 1299 hic
341 1240 496 1306 Parisinus
527 1259 595 1300 cum
624 1241 677 1300 illo
705 1241 900 1301 Laudunensi
928 1241 973 1300 ita
1001 1242 1156 1320 consentit,
1276 1265 1277 1290 ι

142 1335 180 1392 ut
203 1329 337 1388 dubitari
359 1348 420 1389 nou
441 1329 547 1407 possit,
571 1329 645 1405 quin
668 1349 705 1389 ex
727 1329 830 1389 eodem
851 1331 935 1390 fonte
957 1330 1086 1390 fluxerit.

212 1418 331 1478 Tertius
350 1421 396 1478 est
419 1418 510 1478 codex
529 1419 554 1493 Q
571 1418 590 1477 i.
611 1438 635 1477 e.
654 1418 809 1478 Parisinus
829 1418 952 1479 68301)
971 1419 1158 1479 membrana·

140 1527 222 1586 ceus,
241 1526 334 1566 manu
353 1507 490 1585 scriptus,
506 1507 578 1567 olim
591 1506 755 1585 Puteanus,
771 1507 884 1567 saeculi
896 1508 933 1586 X,
947 1507 1089 1568 foliomm
1104 1510 1155 1587 60,

142 1616 286 1658 versuum
301 1599 352 1675 31,
375 1597 489 1656 formae
507 1616 602 1673 paene
617 1598 791 1674 quadratae,
816 1616 905 1674 quem
919 1597 1042 1656 Parisiis
1056 1615 1156 1657 mense

141 1688 273 1766 augusto
297 1685 369 1744 anni
389 1687 475 1745 1874
499 1685 621 1744 contuli.
650 1686 858 1745 desiderantur
877 1687 980 1745 autem
996 1685 1071 1746 noni
1087 1685 1158 1746 libri

141 1777 223 1853 finis,
251 1774 396 1850 decimus,
424 1774 599 1835 undecimus
627 1775 854 1851 duodecimique
881 1793 952 1850 pars
974 1793 1099 1854 magna,
1122 1794 1158 1836 ex

140 1885 203 1943 quo
227 1864 274 1939 fit,
303 1865 339 1922 ut
367 1881 471 1923 aversa
498 1863 611 1941 pagina
637 1863 704 1923 folii
728 1863 971 1941 quinquagesimi
999 1863 1075 1924 sexti
1096 1865 1157 1924 ter-

142 1955 275 2014 minetur
296 1951 343 2010 his
365 1951 476 2011 verbis:
507 1971 624 2012 aerem
653 1970 801 2030 surgere
829 1952 965 2012 videris
990 1945 1034 2034 (9,
1059 1955 1088 2030 8,
1113 1945 1159 2034 1),

140 2040 429 2120 quinquagesimum
442 2040 606 2116 septimum
620 2039 660 2101 sit
673 2059 812 2119 vacuum,
837 2040 1156 2120 duodesexagesimum
1276 2047 1277 2088 ἒ

140 2133 185 2192 sic
207 2129 346 2206 incipiat:
374 2129 512 2189 inulam
539 2129 670 2189 siccam
694 2121 764 2210 (12,
794 2133 848 2208 18,
875 2121 917 2210 1).
963 2130 1012 2190 hio
1036 2150 1158 2208 quoque

139 2222 219 2280 liber
240 2238 333 2278 manu
351 2219 481 2295 scriptus
499 2238 602 2278 umore
622 2218 749 2294 carptim
768 2221 814 2278 est
831 2218 966 2279 vitiatus
1005 2239 1041 2279 ex
1057 2238 1157 2281 vacuo

140 2311 245 2368 autem
269 2307 341 2366 folio
361 2307 611 2384 quinquagesimo
634 2306 761 2383 septimo
782 2307 912 2367 efficitur
929 2308 1018 2368 illum
1035 2308 1158 2387 librum,
1276 2351 1277 2386 4

139 2417 178 2458 er
202 2415 261 2472 quo
284 2395 332 2454 hic
356 2396 521 2472 exscriptus
545 2397 602 2474 est,
630 2395 723 2456 fuisse
750 2397 894 2456 mutilum
920 2397 1034 2473 ipsum:
1062 2400 1159 2474 atque
1276 2395 1277 2416 I

142 2487 174 2545 in
197 2505 231 2545 eo
254 2484 345 2545 verba
366 2485 553 2543 ‘continentia
580 2485 673 2545 fuisse
697 2485 803 2545 multis
825 2486 900 2546 locis
922 2485 1076 2562 probatur.
1123 2487 1160 2548 in
1276 2525 1277 2550 r

141 2573 289 2653 principio
314 2575 416 2632 autem
442 2573 532 2632 huius
555 2573 686 2633 Parisini
709 2575 818 2635 codicis
847 2575 976 2634 secunda
1005 2575 1159 2653 quaedam
1276 2615 1277 2666 ,

141 2681 249 2723 manus
272 2679 436 2737 perpaucos
459 2662 540 2722 locos
559 2663 738 2724 emendavit.
775 2682 810 2724 ac
829 2683 1014 2741 quamquam
1033 2685 1052 2724 u
1070 2683 1162 2741 aper·
1276 2673 1277 2682 ’

142 2756 221 2829 tum,
252 2751 473 2830 tsubversum,
503 2770 524 2810 0
552 2752 681 2827 capitale
711 2754 812 2812 textus
840 2773 901 2813 non
931 2753 992 2813 iam
1023 2756 1094 2814 sunt
1124 2753 1163 2812 in

140 2861 209 2920 usu,
227 2843 330 2899 tamen
348 2839 474 2899 dubium
491 2859 552 2901 non
571 2859 633 2901 esse
652 2841 779 2919 videtur,
804 2841 877 2917 quin
896 2863 932 2902 ex
951 2842 1055 2902 eodem
1072 2843 1163 2902 fonte

139 2929 348 2990 emanaverint
378 2929 427 2988 hio
457 2931 549 2989 codex
578 2932 609 2988 et
637 2930 845 2990 Laudunensis
878 2934 909 2991 et
935 2930 961 2990 is
992 2930 1165 3001 Parisinus,

140 3019 350 3096 quamprimo
373 3019 439 3078 loco
463 3018 612 3094 descripsi.

210 3107 338 3166 Secundi
360 3107 477 3187 generis
496 3110 567 3167 sunt
585 3108 613 3167 ei
632 3108 755 3186 codices,
779 3109 832 3184 qui
853 3108 1027 3168 continuam
1044 3109 1168 3169 habent

140 3214 265 3254 manum
284 3197 445 3255 secundam
464 3197 515 3257 sed
533 3197 722 3275 gravioribus
735 3200 846 3258 vacant
863 3197 1167 3276 interpolationibus,

145 3315 148 3320 ,
180 3275 181 3278 '
208 3283 275 3342 Huc
297 3285 429 3359 pertinet
458 3287 486 3344 V
505 3285 524 3343 i.
551 3306 576 3346 e.
594 3285 834 3346 Vindobonensis
860 3289 936 3365 148,
961 3306 1052 3364 quem
1073 3286 1165 3348 End·
1276 3291 1277 3298 ’

140 3372 270 3431 licherus
289 3372 321 3430 in
335 3371 480 3451 Catalogo
495 3392 549 3434 suo
570 3375 624 3432 sub
643 3395 765 3435 numero
782 3373 910 3434 GOOXV
927 3376 1043 3452 profert
1061 3395 1165 3436 mem·

139 3460 329 3538 branaeeum,
347 3462 607 3539 manuscriptum,
627 3462 739 3522 saeculi
753 3464 788 3540 Χ,
807 3463 950 3523 foliorum
966 3466 1017 3542 88,
1040 3465 1165 3524 colum-

140 3568 248 3609 narum
265 3552 292 3628 2,
305 3567 448 3610 versuum
463 3553 514 3630 27,
532 3551 645 3610 formae
659 3570 754 3626 paene
768 3552 943 3627 quadratae.
979 3554 1049 3627 post
1062 3552 1165 3614 illum
1276 3615 1277 3620 ,
