2538 3942
166 193 235 260 220
591 191 763 246 11111111

167 345 222 405 tos
250 339 384 424 parabit
412 345 446 405 et
476 341 512 404 in
542 338 595 403 his
628 338 765 422 pistacia
795 343 888 403 terna
918 337 1109 421 constituet,
1139 343 1177 403 ut

167 451 208 494 ex
231 429 385 494 omnibus
408 450 542 515 germen
565 427 789 511 quodcumque
812 427 977 512 procedat:
1002 426 1099 510 quod,
1120 427 1176 491 ubi

169 517 376 582 conualuerit
406 517 534 602 planta,
564 516 641 581 hinc
670 516 800 580 facilius
827 515 1041 580 transferatur
1067 537 1175 580 manse

168 605 345 671 febroario.
390 611 481 671 amat
502 606 612 671 locum
634 605 788 688 calidum,
815 605 870 670 sed
894 609 1058 669 umectum
1081 609 1116 668 et
1137 605 1176 668 ri·

169 696 304 847 petione
332 696 455 782 gaudet
483 699 518 758 et
545 694 622 759 sole
666 695 822 758 inseritur
853 692 1036 758 terebintho
1068 714 1209 758 menses

184 783 337 849 ebroario
359 784 414 849 uel
437 785 571 849 martio:
593 788 630 847 at
647 782 705 848 alii
723 788 758 847 et
775 782 946 868 amygdalo
964 782 1065 846 inseri
1083 803 1174 866 posse

123 875 146 938 4
169 873 354 938 firmarunt
393 895 525 938 cerasus
543 877 634 937 amat
651 872 732 938 caeli
750 877 873 936 statum
890 870 1055 956 frigidum,
1074 871 1175 935 solum

169 983 248 1027 uero
272 962 450 1047 positionis
472 966 630 1026 umeotse.
670 961 704 1024 in
727 960 846 1045 tepidis
868 958 1056 1046 regionibus
1078 981 1175 1043 parua

169 1051 334 1136 prouenit.
370 1050 511 1116 calidum
533 1072 601 1115 non
617 1053 729 1134 potest
746 1050 914 1114 sustinere.
950 1052 1108 1113 montana
1125 1049 1173 1112 uel

168 1139 204 1204 in
223 1139 364 1205 collibus
383 1140 564 1204 constituta
581 1139 714 1224 regione
731 1139 881 1203 laetatur.
912 1137 1015 1202 cerasi
1032 1137 1174 1222 plantam
1186 1164 1210 1202 ιο

170 1227 359 1294 siluestrem
386 1227 565 1293 transferre
590 1228 744 1292 debemus
767 1249 877 1292 mensa
900 1226 1026 1291 octobri
1048 1226 1103 1291 uel
1123 1247 1174 1290 no

169 1317 299 1382 uemhri
336 1320 370 1382 et
403 1339 475 1382 eam
507 1317 614 1401 primo
646 1316 806 1399 ianuario,
838 1337 911 1380 cum
938 1314 1176 1399 conprehendit,

170 1405 323 1471 inserere.
367 1405 534 1490 plantaria
555 1426 633 1470 uero
657 1405 759 1470 creari
780 1408 931 1488 possunt,
953 1403 983 1468 si
1003 1403 1175 1488 praedictis

170 1494 339 1558 mensibus
371 1499 569 1580 spargantur
599 1516 713 1579 poma,
749 1516 831 1578 qnae
863 1514 990 1558 summa
1021 1491 1175 1558 facilitate
1250 1505 1251 1510 ’

126 1583 148 1648 5
170 1587 356 1648 nascentur.
393 1604 456 1670 ego
480 1583 527 1648 sio
549 1582 647 1648 huius
670 1582 796 1647 arboris
817 1581 1010 1646 facilitatem
1032 1582 1176 1666 probaui,
1188 1607 1212 1646 15

170 1675 208 1735 nt
236 1671 385 1757 uirgulta
418 1694 458 1737 ex
489 1693 601 1737 ceraso
632 1694 694 1756 pro
726 1670 929 1736 adminiculis
959 1691 1019 1754 per
1050 1671 1176 1735 uincam
1250 1681 1251 1750 1

168 1759 279 1843 posite
301 1759 337 1824 in
360 1760 511 1826 arborem
533 1761 725 1846 prosiluisse
747 1760 943 1825 confirmem.
980 1763 1013 1823 et
1031 1759 1176 1824 ianuario

169 1869 280 1914 mense
310 1849 374 1914 seri
396 1853 515 1933 potest.
561 1850 717 1914 inseritur
739 1870 848 1915 mense
871 1847 1040 1913 nouembri
1063 1846 1176 1912 melius

169 1936 237 2018 uel,
260 1937 289 2002 si
311 1959 443 2003 necesse
468 1938 525 2022 sit,
549 1942 694 2003 extremo
717 1937 873 2003 ianuario.
914 1935 970 2000 alii
994 1940 1027 2000 et
1051 1936 1177 2002 octobri

167 2023 374 2090 inserendam
398 2047 468 2091 esse
491 2026 649 2091 dixerunt.
695 2025 856 2092 Martialis
883 2025 917 2090 in
941 2028 1056 2091 trimco
1079 2025 1215 2090 inseriae

168 2111 274 2179 iubet:
296 2115 379 2179 mihi
402 2115 489 2179 inter
513 2114 669 2180 corticem
692 2119 726 2180 et
748 2115 874 2201 lignum
892 2113 1032 2179 feliciter
1051 2136 1178 2198 semper

169 2202 287 2267 euenit,
333 2204 389 2287 qui
413 2203 447 2267 in
471 2209 586 2268 trunco
609 2205 770 2288 inserunt,
798 2204 882 2268 sicut
903 2201 1065 2268 Martialis
1092 2202 1179 2286 dicit,

171 2311 301 2355 omnem
324 2289 526 2377 lanuginem,
551 2313 633 2377 quae
657 2293 742 2358 circa
766 2297 829 2377 est,
852 2292 976 2356 auferre
1000 2291 1179 2357 debebunt:

124 2377 281 2460 6quam,
315 2377 343 2443 si
375 2381 583 2464 remanserit,
614 2381 723 2446 insitis
756 2403 871 2447 nocere
903 2379 1099 2446 manifestat.
1145 2380 1180 2445 in

169 2466 289 2530 cerasis
312 2467 375 2533 hoo
398 2469 595 2534 seruandum
618 2475 652 2536 et
671 2470 707 2535 in
726 2471 875 2536 omnibus
895 2470 1118 2555 gumminatis,
1141 2474 1179 2534 ut
1192 2495 1218 2534 11

166 2555 245 2618 tunc
272 2554 473 2642 inserantur,
501 2560 630 2643 quando
657 2559 709 2623 his
738 2559 791 2624 uel
817 2581 883 2624 non
911 2562 961 2623 est
981 2559 1036 2623 uel
1058 2558 1181 2624 desinit

167 2659 323 2726 gummen
345 2642 486 2712 effluere.
532 2669 661 2713 cerasus
685 2649 841 2712 inseritur
862 2647 896 2711 in
924 2669 973 2732 se,
1000 2648 1036 2712 in
1063 2669 1182 2733 pruno,

238 2837 254 2886 3
273 2833 381 2889 feratur
399 2837 448 2905 Ε1
469 2843 485 2890 4
506 2837 650 2892 februario
668 2837 716 2891 uel
733 2838 835 2893 martio
854 2839 881 2893 L
897 2841 901 2908 1
917 2838 963 2893 uel
982 2841 1125 2893 umectum
1146 2839 1181 2908 L,

167 2904 217 2957 aed
235 2903 383 2960 humidum
401 2907 432 2960 E
443 2909 482 2976 115
501 2907 663 2963 therebinto
682 2909 756 2976 Psi,
776 2909 916 2964 terebinto
930 2911 967 2978 E,
986 2909 1181 2964 Therehintho

171 2973 228 3028 VG
242 2977 250 3043 11
265 2981 281 3029 6
299 2979 332 3030 ut
346 2992 400 3046 pro
419 2979 450 3030 at
467 2979 557 3047 codd,
575 2979 623 3033 uel
641 2982 673 3033 ut
683 2997 705 3061 p
721 2983 725 3051 1
741 2983 771 3034 et
783 2998 833 3036 om.
853 2982 946 3051 iacpa
961 2982 965 3051 1
982 2979 1182 3051 amigdaloSll

167 3045 182 3094 'l
198 3043 340 3101 affirmant
349 3047 379 3100 Ε
391 3049 395 3117 1
415 3053 448 3101 12
463 3049 706 3119 comprehendent
719 3051 780 3119 SE,
794 3050 962 3122 praehendit
977 3051 1003 3106 G
1015 3053 1025 3121 11
1040 3057 1073 3106 13
1088 3067 1181 3106 serere

167 3111 223 3167 SE
241 3115 250 3182 11
275 3122 307 3170 14
326 3116 383 3171 faci
403 3117 507 3199 itatem
526 3122 554 3174 P
578 3123 587 3190 11
615 3126 648 3176 16
668 3121 856 3176 amminiculis
874 3124 905 3177 ic
929 3125 1007 3204 [per
1024 3139 1128 3177 uenam
1140 3123 1181 3203 ·V‚

166 3187 448 3328 iiibridilcflpiniihhh
464 3191 704 3331 hbnsiriini9iileli
722 3210 773 3317 ibn
781 3192 950 3335 liiniiginiiiir1
967 3193 1169 3319 oLmiiein2ii'Iin
1171 3265 1181 3335 11

166 3327 200 3376 24
219 3340 291 3404 quae
310 3344 329 3407 c
351 3328 556 3449 &manifestat
574 3347 624 3385 om.
640 3348 662 3400 p
688 3335 698 3401 11
726 3341 759 3389 25
779 3335 948 3390 seruandum
967 3337 1010 3390 est
1031 3337 1153 3406 Tiocys
1174 3336 1178 3407 1

166 3397 331 3462 germinatrs
385 3440 392 3464 ,
411 3403 563 3468 3111111111
582 3401 704 3473 Faces,
728 3407 883 3476 gemetici
903 3408 914 3475 11
941 3413 974 3461 26
993 3405 1037 3460 his
1056 3406 1101 3460 uel
1120 3423 1181 3461 non

166 3464 268 3586 {ganne}
278 3481 358 3589 ogap
371 3469 380 3536 11
394 3473 427 3520 27
442 3487 544 3538 gumen
554 3473 573 3540 c',
587 3488 703 3542 germen
712 3475 749 3544 Ε,
764 3494 964 3549 gummaacpe
980 3479 984 3548 1
1001 3476 1134 3532 Ceresius
1145 3478 1181 3546 P,
