2556 3942
155 210 175 272 5
576 203 746 258 11111111

155 352 261 438 magis
285 351 449 436 displicet,
473 351 604 436 glebam
626 348 721 414 fictili
744 369 821 413 unse
845 348 931 414 dulci
954 370 1039 434 equa
1061 350 1170 414 made·

111 444 133 507 4
156 441 277 506 factam
300 440 420 505 indicio
440 439 566 524 saporis
586 439 743 522 explores.
779 437 884 503 uineis
904 459 1032 522 quoque
1051 439 1170 504 utilem

156 553 214 615 per
237 530 317 595 haec
340 530 435 614 signa
458 549 643 613 cognosces.
681 526 709 591 si
733 526 851 591 coloris
875 530 909 590 et
932 528 1077 611 corporis
1101 529 1170 592 reri

156 618 362 702 aliquatenus
387 622 483 701 etque
507 616 643 681 resoluti
667 619 730 701 est,
758 615 785 679 si
808 616 967 701 uirgulta,
991 638 1072 701 quae
1095 639 1170 702 pro-

156 708 247 790 tulit,
279 706 377 791 leuia,
407 707 524 791 nitida,
553 726 702 790 procera,
729 703 867 769 fecunda
894 711 984 787 sunt,
1011 708 1049 769 ut
1076 707 1169 790 piros
1202 737 1217 776 5

155 795 336 878 siluestres,
364 816 499 880 prunos,
523 795 636 877 rubos,
659 797 830 876 ceteraque
852 791 1040 858 huiusmodi
1062 816 1170 879 neque

155 887 280 950 intorta
297 905 402 968 neque
422 884 548 948 sterilis
565 905 670 967 neque
685 904 793 946 macra
808 881 954 947 exilitate
968 883 1169 967 languentia.

111 974 132 1038 5
157 974 240 1038 situs
264 995 342 1038 uero
366 977 527 1037 terrarum
549 993 655 1056 neque
678 970 808 1056 planus,
831 974 869 1035 ut
893 975 1040 1056 stagnet,
1062 993 1169 1055 neque

156 1066 365 1146 praeruptus,
397 1065 434 1126 ut
462 1062 596 1146 defluat,
626 1082 730 1144 neque
759 1061 910 1143 obrutus,
938 1063 975 1124 ut
1002 1060 1037 1126 in
1064 1059 1169 1125 imum

154 1152 279 1216 deiecta
307 1151 392 1215 ualle
417 1151 577 1234 subsidet,
604 1172 708 1234 neque
732 1150 864 1232 arduus,
892 1153 929 1213 ut
953 1153 1169 1233 tempestates
1186 1181 1219 1219 ιο

154 1239 314 1304 inmodice
338 1240 459 1304 sentiat
483 1244 516 1304 et
539 1240 676 1305 calores:
700 1239 756 1303 sed
776 1259 815 1302 ex
833 1237 885 1302 his
905 1239 1058 1302 omnihus
1075 1238 1169 1304 utilis

154 1350 281 1413 semper
310 1331 361 1392 est
389 1333 528 1413 aequata
553 1328 759 1393 mediocritas
788 1330 821 1392 et
844 1327 897 1392 uel
921 1349 1053 1410 campus
1078 1349 1170 1411 aper·
1272 1333 1273 1380 l

154 1417 219 1481 tior
243 1421 276 1480 et
298 1439 445 1482 umorem
468 1418 617 1501 pluuium
643 1417 728 1482 cliuo
752 1415 885 1480 fallente
909 1416 1090 1482 subducens
1113 1418 1170 1481 uel

155 1506 248 1570 collis
272 1505 416 1570 molliter
437 1529 496 1591 per
519 1506 622 1570 latere
645 1505 803 1571 inclinata
823 1506 979 1569 deductus
998 1505 1051 1569 uel
1069 1505 1168 1570 uallis

155 1616 229 1659 cum
256 1595 396 1678 quadam
423 1595 644 1661 moderatione
668 1599 702 1659 et
724 1594 807 1659 ceris
832 1594 966 1660 laxitate
991 1594 1169 1660 summisse
1185 1625 1217 1664 15

153 1683 207 1747 uel
230 1705 324 1748 mons
344 1684 478 1749 alterius
503 1684 653 1750 culminis
678 1682 828 1748 defensus
852 1682 984 1748 obiectu
1006 1688 1041 1747 ct
1059 1705 1078 1747 a
1096 1705 1169 1748 rno-

154 1771 343 1836 lestioribus
371 1774 478 1838 uentis
511 1774 594 1838 liber
626 1772 747 1837 auxilio
781 1772 891 1856 aliquo
923 1773 976 1836 uel
1009 1771 1168 1858 sublimis,

110 1863 130 1926 6
155 1882 258 1944 asper,
278 1861 334 1925 sed
351 1883 542 1927 nemorosus
562 1866 596 1927 et
612 1862 776 1927 herbidus.
806 1862 862 1926 sed
877 1883 951 1926 oum
965 1861 1032 1926 sint
1046 1883 1168 1946 genere

154 1953 315 2014 terrarum
343 1951 498 2036 plurima,
527 1955 564 2016 ut
591 1951 723 2036 pinguis
753 1955 810 2015 aut
833 1971 954 2034 msera,
984 1951 1089 2034 spissa
1112 1950 1168 2016 uel

153 2059 236 2122 rara,
255 2038 342 2104 sicce
360 2040 413 2103 uel
432 2041 543 2105 umida
561 2044 594 2105 et
613 2063 652 2106 ex
670 2040 722 2104 his
737 2040 890 2124 pleraque
905 2039 1034 2123 uitiosa,
1053 2043 1168 2104 temen
1183 2071 1217 2109 20

152 2131 286 2210 propter
303 2128 463 2194 seminum
479 2129 694 2194 differentiam
708 2151 803 2212 saepe
817 2128 1001 2194 necessaria
1016 2129 1168 2215 maxime,
1273 2163 1274 2194 l

154 2215 239 2280 sicut
268 2238 367 2298 supra
394 2217 474 2300 dixi,
508 2218 675 2302 eligendus
704 2222 755 2282 est
777 2216 908 2302 pinguis
936 2239 975 2282 ac
1001 2217 1168 2283 resolutus

154 2323 240 2386 ager,
264 2305 320 2388 qui
342 2306 514 2372 minimum
537 2307 684 2371 laborem
706 2307 800 2391 petit,
822 2306 966 2372 fructum
986 2306 1169 2374 maximum

153 2391 268 2456 reddit.
306 2396 437 2460 secundi
461 2395 570 2460 meriti
594 2400 645 2460 est
669 2395 801 2480 spissus,
826 2395 882 2479 qni
902 2395 1013 2460 labore
1034 2395 1167 2479 quidem

152 2481 308 2565 maximo,
332 2485 443 2547 tamen
466 2485 507 2548 ad
529 2488 609 2549 uota
631 2485 815 2569 respondet.
856 2485 937 2549 illud
960 2505 1038 2548 uero
1062 2485 1167 2549 deter—
1184 2516 1219 2556 25

152 2569 271 2633 rimum
294 2591 396 2655 genus
421 2577 481 2657 est,
505 2574 591 2656 quod
615 2575 678 2638 erit
702 2574 822 2638 siccum
845 2573 943 2638 simul
968 2578 1001 2638 et
1022 2573 1168 2658 spissum

152 2661 185 2720 et
218 2679 363 2723 macrum
396 2661 449 2724 uel
482 2661 654 2747 frigidum:
696 2663 751 2747 qui
784 2683 862 2748 ager
893 2662 1042 2747 pestiferi
1075 2683 1168 2728 more

151 2745 324 2831 fugiendus
349 2753 407 2814 est.

225 2909 239 2956 1
260 2901 455 2976 madefactat)
469 2910 478 2976 n
492 2911 507 2960 2
527 2909 561 2961 de
580 2911 656 2963 terra
674 2907 704 2961 in
717 2925 774 2976 qus
787 2908 918 2978 ponenda
932 2911 976 2962 est
988 2908 1071 2963 vinea
1085 2909 1169 2965 addit

155 2971 194 3026 G³
212 2975 244 3027 ic
262 2977 387 3046 ocarpine
403 2979 407 3045 Ι
423 2977 507 3032 utilia
527 2981 558 3048 T,
582 2983 685 3034 terram
705 2981 784 3034 addit
804 2980 843 3034 6⁸
861 2997 947 3048 sopra
961 2983 1000 3050 [13
1020 2980 1168 3049 cognoscis

152 3044 241 3098 SGE
262 3048 272 3113 ll
295 3053 310 3100 6
330 3065 435 3116 prunus
450 3049 481 3116 V,
499 3049 577 3119 pirus
597 3050 747 3120 siluestris,
786 3068 884 3118 nunus,
903 3051 989 3104 rubus
1004 3069 1027 3120 p
1044 3054 1053 3120 ss
1077 3056 1091 3104 7
1111 3050 1168 3105 lin-

152 3115 270 3186 guentia
285 3115 326 3168 V¹
344 3120 353 3187 14
373 3123 388 3172 9
408 3119 438 3174 in
456 3139 543 3174 unum
563 3124 589 3175 T
604 3126 613 3192 l
628 3128 661 3175 10
682 3070 828 3176 subsilient
845 3123 902 3176 SE
913 3123 923 3192 ll
942 3128 974 3174 12
995 3124 1024 3176 et
1042 3125 1168 3190 aequata

155 3185 343 3257 QVGTFp,
364 3193 393 3243 et
412 3195 569 3261 exaequata
583 3193 642 3248 SE
653 3195 662 3263 ll
678 3199 710 3246 17
730 3193 825 3262 aliquo
844 3192 916 3247 liber
933 3192 1037 3248 auxilio
1052 3194 1172 3260 VGST

153 3257 258 3326 Facp‚
279 3261 329 3338 apt
347 3263 474 3327 quolibet
493 3263 576 3318 exilio
591 3266 622 3319 Ε
636 3269 640 3332 Ι
656 3281 707 3318 nec
726 3264 772 3318 uel
790 3263 917 3318 sublimis
932 3264 978 3318 uel
993 3281 1075 3334 asper
1088 3265 1145 3320 SE

154 3333 186 3381 19
207 3331 257 3381 aut
274 3330 388 3398 pmguis
409 3335 435 3388 V
458 3337 467 3403 ll
495 3340 527 3387 21
547 3335 735 3389 necessariam
756 3335 837 3405 Qioc
863 3338 872 3404 ΙΙ
900 3342 933 3388 22
956 3335 1015 3388 dixi
1038 3353 1088 3390 om.
1112 3337 1145 3390 E

153 3405 186 3451 23
206 3398 332 3480 laborem
355 3403 502 3458 minimum
522 3407 548 3458 T
566 3410 569 3476 Ι
589 3406 682 3476 poscit
700 3407 811 3478 anps
832 3409 836 3476 1
858 3409 886 3460 et
904 3406 1027 3461 fructum
1045 3409 1141 3478 inops
1156 3411 1167 3482 ll

153 3475 186 3524 25
205 3473 381 3525 teterrimum
399 3477 425 3529 V
436 3479 445 3547 ῃ
460 3481 492 3530 27
512 3475 646 3546 pestifero
666 3479 696 3531 Ε
