2556 3942
136 212 177 266 Vl
542 215 748 269 PRAEFATIO

139 366 287 444 servatur,
310 365 452 425 lectiones
476 367 514 425 ab
537 366 560 425 l.
579 367 612 424 F.
632 366 754 426 Herelio
778 369 931 442 excerptas
945 367 981 425 A.
996 367 1150 428 anesum

137 453 170 512 in
198 454 328 512 secunda
357 454 479 515 Gesneri
512 455 641 514 editione
674 449 817 514 addidit.1
862 455 888 514 is
916 457 1008 515 codex
1035 456 1148 516 charta·

138 561 217 620 ceus,
251 543 364 602 saeculi
391 544 476 621 XIV,
508 544 651 602 foliorum
680 546 756 622 195,
788 563 930 605 versuum
960 547 1000 604 32
1033 547 1150 621 praeter

137 630 311 690 Palladium
335 632 469 692 continet
493 623 686 713 Senecae(?)
708 632 821 691 librum
839 634 874 692 19
895 636 1041 710 quattuor
1058 633 1149 694 virtu-

139 720 222 780 tibus
245 720 456 800 cardinalibus,
479 721 606 781 Honorii
630 720 865 800 Oosmcgraphia
889 723 1029 800 imaginis
1048 721 1149 782 mundi

139 809 261 886 aliaque
279 811 387 868 multa.
425 829 460 869 99
473 809 604 869 Palladii
619 829 694 886 opus
712 810 826 888 legitur
842 811 875 869 in
893 811 1148 871 19111992-166.

138 899 217 957 hunc
248 899 380 959 codicem
409 899 472 975 ipse
504 900 656 958 mensibus
689 899 790 978 aprili,
822 900 915 978 maio,
948 900 1045 978 iunio,
1078 899 1150 959 iulio

141 988 212 1046 anni
238 990 322 1048 1889
346 987 537 1065 Wirceburgi
559 988 682 1048 contuli.

182 1091 185 1095 ’
203 1076 444 1137 Vindobonensis
458 1077 586 1153 denique
601 1077 700 1155 ceder,
720 1077 755 1136 de
771 1096 831 1154 quo
847 1077 1043 1138 Schneiderus
1062 1077 1152 1138 (11999-

137 1157 208 1244 911,
246 1170 293 1224 991
323 1166 414 1244 idem,
449 1185 538 1242 quem
567 1158 783 1225 Endlicherus³
814 1167 870 1225 sub
902 1187 1026 1227 numero
1056 1165 1151 1226 cvm

137 1255 253 1330 profert
280 1274 374 1314 manu
401 1255 559 1333 scriptum,
592 1255 795 1333 chartaceum,
829 1257 942 1315 9999911
964 1256 1032 1334 XV,
1062 1256 1152 1315 folio-

136 1363 206 1402 rum
235 1345 311 1422 205,
348 1345 462 1404 formae
498 1363 593 1420 paene
627 1345 800 1420 quadratae.
850 1344 876 1403 is
907 1345 940 1403 in
971 1345 1153 1404 bibliotheca

138 1431 238 1492 aulica
260 1433 456 1492 Vindobonae
485 1433 540 1493 sub
567 1452 691 1492 numero
716 1434 802 1493 3198
827 1433 1011 1494 adservatur.
1056 1433 1153 1492 conti·

137 1525 191 1581 991
218 1521 336 1581 diversa
368 1522 548 1598 scriptorum
576 1521 754 1582 Latinorum
786 1525 939 1600 poemata,
971 1525 1006 1580 ut
1030 1521 1154 1600 Catulli,

136 1610 281 1688 Petronii,
305 1610 427 1688 Tibulli,
452 1609 561 1687 Ovidii,
584 1610 748 1688 Lactantii,
771 1611 944 1689 Fortunati,
967 1610 1155 1690 Hieronymi,

140 1697 318 1778 Claudiani,
355 1699 523 1776 Marsupini
556 1699 758 1777 aliorumque,
795 1699 827 1758 in
865 1700 974 1776 quibus
1010 1701 1065 1759 sub
1096 1719 1154 1758 nu·

138 1808 221 1848 mero
236 1789 306 1846 XIX
329 1808 348 1847 a
371 1788 445 1849 folio
467 1791 529 1848 183
554 1789 674 1848 91186
700 1788 862 1847 Ρ9119111
884 1789 1019 1848 Rutilii
1042 1789 1163 1847 Tauri.
1259 1801 1260 1804 ’

141 1879 182 1936 19
201 1877 382 1938 Insitione
401 1877 508 1936 Liber
526 1877 646 1954 legitur.
673 1878 752 1936 hunc
766 1877 830 1952 ipse
844 1877 1039 1937 Vindobonae
1053 1895 1156 1936 menso

141 1967 251 2026 martio
272 1967 343 2024 9991
359 1969 443 2025 1875
464 1966 586 2026 9991911.
620 1966 728 2025 desunt
745 1966 872 2044 triginta
891 1969 1037 2043 quattuor
1050 1984 1158 2026 versus

140 2055 254 2133 priores
273 2073 342 2115 curn
361 2055 489 2132 epistola
507 2055 637 2114 Palladii
656 2055 695 2114 ad
712 2054 900 2130 Pasiphilum
921 2055 1047 2114 carmini
1068 2074 1158 2131 prae-

138 2164 253 2292 Ῑιι188119
274 2233 321 2292 his
342 2233 438 2310 igitur
456 2232 615 2309 codicibus,
640 2251 768 2307 quorum
790 2253 851 2292 non
873 2232 918 2291 ita
936 2252 1080 2310 magnum
1098 2252 1159 2291 nu·

138 2341 256 2381 merum
287 2322 348 2380 iam
377 2321 538 2398 Gesnerus,
572 2337 672 2380 omnes
704 2321 765 2380 fere
799 2321 996 2381 Schneiderus
1028 2340 1157 2382 comme-

139 2410 278 2488 moravit,
300 2410 424 2486 plurimi
448 2413 503 2469 aut
525 2409 613 2486 parvi
636 2412 690 2466 aut
711 2410 835 2468 mullius
859 2413 931 2470 sunt
953 2411 1096 2470 momenti
1116 2411 1159 2470 ad
1259 2415 1260 2428 ¹

139 2500 288 2559 rationem
316 2499 463 2576 criticam,
493 2499 565 2575 quia
592 2498 699 2556 horum
726 2499 867 2558 lectiones
896 2501 950 2558 aut
977 2500 1099 2559 minime
1123 2499 1158 2558 in
1259 2507 1260 2540 ³

140 2589 274 2649 medium
292 2588 429 2664 prolatae
448 2591 527 2665 9991,
550 2589 587 2645 91
609 2586 744 2647 codicum
762 2587 882 2666 Wassii,
900 2589 1160 2667 Vratislaviensis,

140 2679 200 2738 Iac.
226 2677 382 2754 Gronovii,
415 2679 469 2735 aut
501 2697 519 2735 9
551 2676 729 2735 coniecturis
758 2676 907 2736 editorum
938 2677 1065 2736 discerni
1094 2697 1159 2737 999

143 2768 279 2845 possunt,
302 2768 339 2825 ut
355 2765 494 2825 editionis
512 2764 717 2842 lensonianae,
740 2764 945 2843 Louaniensis,
970 2765 1162 2826 Coloniensis
1259 2835 1260 2846 ,

144 2851 295 2936 (codicum
316 2847 434 2936 Ulitii),
463 2853 728 2931 Oommelinianae,
755 2855 900 2915 versionis
927 2855 1078 2933 Bastiani,
1108 2874 1162 2915 co·
1259 2847 1260 2864 ³

143 2946 244 3004 dicum
271 2944 463 3004 Pontederae.
510 2942 629 3002 Barthii
662 2944 764 3001 autem
790 2943 879 3002 fidem
907 2944 980 3002 satis
1009 2944 1161 3003 incertam

141 3053 204 3094 esse
227 3035 306 3092 inter
329 3052 431 3094 omnes
454 3034 557 3092 doctos
581 3034 706 3092 9999191
754 3033 787 3089 91
814 3032 922 3092 9911919
945 3032 1163 3110 Lugdunensis
1259 3055 1260 3104 i

142 3123 285 3183 lectiones
317 3143 377 3182 non
409 3122 496 3198 parvi
529 3121 730 3180 aestimandas
763 3139 825 3180 esse
857 3122 919 3180 iam
947 3141 982 3180 ex
1009 3139 1161 3182 consensu

142 3206 1163 3289 11.(1999991191Ρ99199911,9911999111991999919199991
1259 3231 1260 3244 ¹

218 3439 232 3486 1
261 3431 489 3502 (1999919991
508 3433 597 3500 XXX,
625 3431 788 3486 Schneideri
812 3434 878 3486 tom.
897 3433 937 3488 III
960 3431 1164 3556 1999111.-
1259 3429 1260 3486 l

145 3504 260 3558 2Tcm.
277 3503 316 3555 ΠΙ
334 3505 420 3572 praef
435 3504 548 3557 XV.—
568 3502 702 3557 3091919
723 3502 904 3558 usGodicum
921 3503 983 3574 phu
984 3503 1163 3575 ologicorum
1259 3495 1260 3562 l

148 3574 313 3628 Latinorum
331 3573 437 3628 Bibliot
425 3575 525 3628 thecae
543 3521 1038 3645 Ρ9191199917191919999919,1836
