2556 3942
517 209 723 266 PRAEFATIO
1104 213 1132 269 V

120 383 188 424 num
211 363 310 442 codex,
334 362 387 439 qui
409 365 536 423 vocatur
557 362 732 440 Vossianus,
755 362 835 422 idem
858 365 936 423 esset
959 383 994 423 ao
1015 364 1130 425 Grono-

118 452 236 530 vianus,
271 450 344 528 quia
377 451 540 512 nonnullae
571 451 716 512 Gronovii
749 451 892 512 lectiones
925 472 944 512 a
973 453 1129 514 Perizonio

117 541 276 602 adnotatae
306 560 367 600 non
396 543 507 618 essent,
538 539 669 601 oonlatio
699 539 782 600 illius
809 539 983 620 diligentior
1009 542 1131 602 uidetur

117 649 177 690 esse
215 649 307 706 quam
341 629 445 689 huius:
482 647 554 688 nam
584 631 701 688 oeteraa
731 629 887 708 lectiones,
925 650 1003 707 quae
1034 632 1129 708 pluri-

117 738 180 780 mae
209 718 247 778 ab
274 721 404 794 utroque
428 718 619 796 adferuntur,
646 718 726 777 inter
753 737 784 778 se
811 719 900 794 plane
928 720 1128 780 consentiunt.

116 810 248 876 ceterum
279 807 388 870 oodiois
424 806 648 886 Lugdunensis,
685 826 745 882 quo
778 806 801 866 Ι,
833 807 866 866 F.
895 807 1064 869 Gronovius
1097 812 1129 869 et

116 897 140 958 I.
163 897 274 956 Ulitius
297 896 346 956 usi
369 898 453 975 sunt,
476 895 583 956 folium
607 913 699 972 supra
722 900 988 956 commemoratum
1009 900 1132 973 praeter

115 987 171 1048 illa
193 985 312 1046 nomina
340 985 433 1044 etiam
459 985 533 1044 haeo
555 984 648 1044 verba
674 984 821 1045 eontinet:
851 985 937 1045 iussu
963 986 1023 1046 Iao.
1047 986 1129 1046 Peri-

114 1074 194 1136 aonii
215 1075 344 1134 collatus
367 1076 414 1134 est
431 1074 523 1134 oodex
541 1073 672 1132 Palladii
689 1074 721 1132 in
739 1092 829 1133 usum
843 1073 910 1133 chr.
926 1074 1128 1154 Sohoettgeni.

181 1164 222 1222 Et
240 1162 496 1241 Cantabrigiensis
518 1162 628 1223 oodiois
651 1162 794 1223 lootionos
816 1182 931 1239 paucae
955 1164 993 1222 ad
1015 1164 1130 1240 priores

115 1252 245 1314 Palladii
267 1252 358 1312 libros
382 1251 420 1311 ab
442 1251 479 1309 Α.
504 1251 654 1311 Gronovio
678 1255 927 1313 commemoratae
951 1245 1049 1313 sunt.l

182 1340 303 1401 Codioos
340 1342 444 1400 autem
474 1340 619 1418 Palladii,
657 1341 766 1416 quibus
797 1340 856 1400 Iao.
889 1340 1057 1402 Gronovius
1090 1343 1129 1401 ad

113 1429 305 1492 Colleotanea
332 1448 388 1489 sua
415 1447 489 1488 usus
512 1421 584 1507 θεῖ’,
613 1429 714 1489 Italioi
744 1429 836 1489 fuisse
866 1430 1020 1490 uidentur:
1052 1450 1128 1508 quos

112 1539 171 1581 non
195 1519 342 1580 novimus.

178 1608 248 1668 Huo
267 1607 390 1686 aceedit,
413 1608 494 1684 quod
513 1625 531 1666 a
548 1606 717 1667 Pontedera
734 1607 767 1665 in
784 1607 923 1668 Palladio
942 1608 1127 1668 emendando

111 1700 233 1774 praeter
256 1697 331 1758 alios
353 1697 446 1756 libros
465 1696 558 1756 etiam
578 1696 692 1756 oodioes
710 1696 875 1756 Vatioanos
894 1697 1044 1757 adhibitos
1064 1715 1127 1757 esse

110 1786 148 1845 fit
169 1777 315 1846 mentio³z
346 1805 407 1861 quo
435 1785 468 1843 in
495 1804 619 1844 numero
648 1805 686 1843 an
713 1785 765 1844 ille
788 1786 968 1864 Vaticanus,
999 1787 1035 1846 de
1066 1806 1127 1862 quo

110 1877 218 1952 postea
240 1875 402 1952 paululum
422 1874 598 1952 disseretur,
620 1874 823 1934 numerandus
848 1875 896 1953 sit,
918 1875 1028 1935 neseio.
1069 1875 1128 1935 leo-

108 1965 208 2025 tiones
236 1983 356 2040 quoque
384 1983 420 2023 ex
446 1963 574 2024 uetustis
602 1962 800 2024 bibliothecae
828 1963 1050 2025 Laurentianus
1079 1983 1128 2025 oo-

108 2053 228 2114 dioibus
254 2072 309 2130 per
338 2052 469 2112 amioum
495 2051 656 2128 quemdam
686 2053 850 2129 exscriptas
877 2052 1045 2113 Pontedera
1075 2053 1128 2112 ille

108 2143 142 2202 in
164 2161 256 2201 usum
279 2159 369 2200 suum
391 2134 566 2201 convertit.4

176 2230 424 2290 Vratislaviensis
447 2231 549 2289 autem
567 2229 697 2288 Palladii
721 2230 812 2290 oodex
834 2230 1033 2290 bibliothecae
1047 2229 1126 2289 Rhe-

107 2319 304 2399 dingerianae
323 2338 342 2378 a
360 2317 391 2378 C.
412 2318 578 2378 Sohwarnio
597 2319 751 2394 inspectus
770 2337 833 2379 esse
852 2317 970 2396 dioitur,
994 2318 1026 2379 id
1045 2319 1127 2396 quod

106 2411 217 2486 pateat
235 2427 271 2468 ex
290 2408 482 2468 adnotatione
502 2407 566 2467 eius
586 2408 624 2466 ad
642 2408 802 2483 epistolam
814 2407 945 2467 Palladii
963 2408 1039 2468 libro
1054 2408 1126 2466 XIV

104 2488 337 2574 praemissoffl:
362 2497 413 2556 sed
431 2514 589 2575 nusquam,
613 2497 695 2572 quod
713 2516 769 2574 ego
788 2497 889 2576 sciam,
912 2496 996 2557 illius
1015 2496 1125 2556 oodiois

103 2587 253 2648 lectiones
276 2585 477 2662 reperiuntur.
1119 2585 1123 2592 '

175 2677 219 2735 Et
247 2678 308 2734 tres
338 2674 431 2734 libros
460 2693 553 2733 manu
580 2673 707 2750 scriptos
735 2674 773 2732 ab
800 2674 824 2733 Ι.
844 2674 962 2734 Wassio
990 2674 1125 2735 oonlatos

103 2783 172 2826 esse
197 2763 395 2824 Schneiderus
419 2763 516 2823 obIter
538 2755 812 2823 commemorauit⁶:
846 2781 922 2840 quos
940 2763 1125 2842 Anglioanos

102 2854 201 2914 fnisse
225 2852 380 2929 probabile
404 2854 458 2912 est.

176 2941 296 3003 Oodiuie
329 2945 432 3002 autem
463 2960 556 3000 manu
581 2941 705 3024 scripti,
738 2941 792 3016 qui
823 2941 911 3001 hodie
942 2940 1061 2999 Ertirrti
1092 2941 1126 2999 in

102 3031 292 3092 bibliotheca
317 3030 403 3108 regia
424 3022 485 3109 {sub
513 3030 599 3108 signo
624 3028 694 3092 Ood.
717 3029 856 3106 Amplon.
879 3030 912 3088 in
935 3025 985 3106 ql}
1008 3033 1049 3091 15
1075 3030 1126 3089 ad·

180 3224 194 3272 1
216 3215 380 3272 Sohneideri
398 3218 465 3271 tom.
480 3216 520 3271 ΙΠ
532 3216 620 3287 praef.
635 3217 669 3272 X.
685 3247 717 3258 -
733 3222 749 3270 2
765 3215 855 3271 (laelii
869 3215 1022 3288 catalogus
1035 3216 1123 3272 libro-

99 3307 169 3344 rum
195 3306 278 3358 msa,
309 3288 359 3357 qui
386 3287 452 3342 inde
481 3289 517 3342 ab
546 3305 619 3343 anno
648 3293 716 3342 1⁷41
745 3287 1123 3358 Bibliothecae-Lugdunu-

100 3360 236 3416 Batavae
256 3362 445 3428 accesserunt,
471 3365 553 3428 1852,
577 3378 603 3413 n.
624 3364 684 3415 603.
704 3391 738 3399 -
757 3364 773 3412 3
794 3358 910 3413 Gesneri
932 3359 1019 3429 praef.
1038 3358 1122 3428 XLV,

101 3429 274 3488 Schneidori
298 3433 365 3485 tom.
384 3431 424 3486 111
447 3431 536 3500 praef.
555 3430 627 3485 VIII.
649 3463 681 3470 -
700 3437 718 3484 4
737 3428 853 3483 Gesneri
878 3429 966 3499 praef.
985 3429 1067 3483 XLV.
1087 3459 1123 3470 —-

101 3509 119 3556 ὅ
156 3501 276 3558 Gesneri
307 3502 395 3572 praef.
424 3501 487 3572 XV,
522 3501 684 3556 Schneideri
712 3504 779 3556 tom.
807 3500 846 3554 llI
871 3500 960 3571 praef.
986 3499 1058 3554 VlII.
1086 3531 1122 3540 -

101 3579 120 3628 6
140 3575 221 3630 Tom.
241 3573 281 3630 Ill
297 3573 385 3645 praef.
405 3573 464 3629 XII.
