2538 3942
189 211 256 276 208
612 208 780 262 smenon

211 407 273 474 DII
296 406 574 473 PAVIMIINTIS
600 404 887 472 SOLARIORVM
908 405 965 471 ΕΤ
987 406 1170 476 Lernen.

135 531 199 598 XV
266 531 340 598 Hoc
363 533 464 598 etiam
487 552 597 596 mense
619 531 806 616 pauimenta
823 531 858 595 in
876 530 1003 596 solariis
1026 537 1059 596 et
1076 533 1192 602 lateres

187 621 345 688 faciemus
369 643 531 705 comere,
554 642 618 705 quo
642 621 728 685 maio
751 641 861 685 mense
883 620 1047 705 descripsi.

543 850 604 915 ΒΕ
627 848 842 916 DIAMORO.

134 976 214 1043 XVI
284 976 405 1043 Sucum
433 977 516 1042 mori
545 976 684 1062 agrestis
709 975 877 1060 paululum
898 975 998 1040 facies
1021 975 1194 1044 deseruere.
1220 1007 1231 1047 s

187 1073 267 1132 tunc
295 1066 366 1132 suci
393 1066 473 1130 duas
501 1069 610 1150 partes
639 1069 673 1129 et
696 1085 795 1128 unam
817 1062 922 1128 mellis
945 1064 1139 1132 admiscebis
1162 1074 1194 1132 et

187 1156 291 1221 mi1ta
314 1154 442 1221 curabis
466 1155 506 1219 ad
530 1153 759 1240 pinguedinem
782 1152 887 1217 mellis
910 1174 1097 1238 excoquere.

456 1384 516 1450 DII
542 1381 794 1449 SERVANDIS
817 1381 931 1450 VVIS.

133 1507 229 1574 XVII
297 1509 400 1592 Voss,
428 1531 508 1594 quas
537 1531 666 1574 seruare
692 1509 856 1593 uolumus,
883 1507 1028 1594 legamus
1055 1509 1198 1576 inlaesas

186 1619 290 1682 neque
319 1599 497 1664 acerbitate
525 1598 648 1684 rigidas
670 1619 775 1682 neque
798 1597 988 1662 maturitate
1011 1598 1198 1684 refluentes,
1212 1628 1236 1666 rc

187 1687 243 1751 sed
276 1687 396 1771 quibus
424 1692 475 1752 est
503 1692 536 1752 et
563 1709 700 1773 granum
728 1687 798 1750 luce
830 1685 1024 1770 penetrabili
1056 1687 1199 1772 splendi-

186 1775 263 1840 dum
286 1779 320 1840 et
343 1780 452 1842 tactus
474 1797 548 1841 cum
567 1776 659 1841 molli
677 1775 878 1842 iucunditate
896 1775 1046 1840 callosus.
1084 1775 1114 1841 si
1135 1800 1201 1862 qua

187 1867 265 1929 sunt
293 1870 447 1950 corrupta
475 1865 528 1929 uel
555 1865 689 1950 uitiosa,
716 1886 909 1930 resecemus:
940 1886 1000 1930 nec
1031 1863 1202 1948 patiamur

187 1953 355 2037 interesse,
374 1954 493 2038 quibus
512 1953 773 2038 inexpugnabilis
793 1953 952 2018 acerbitas
972 1957 1087 2019 contra
1104 1953 1202 2020 blan-

185 2041 332 2108 dimenta
354 2043 472 2108 aestiui
495 2043 613 2108 caloris
636 2042 789 2108 induruit.
825 2046 902 2106 tunc
925 2040 1043 2107 incisos
1063 2042 1243 2130 botryone

184 2152 263 2196 num
286 2135 415 2197 tenaces
439 2131 546 2197 calida
568 2131 639 2215 pice
663 2134 793 2216 oportet
816 2130 945 2195 amburi
970 2134 1067 2215 atque
1090 2131 1145 2196 ita
1168 2134 1204 2197 in

185 2219 257 2285 loco
283 2219 377 2302 sicco,
400 2219 522 2306 frigido
547 2224 580 2284 et
604 2221 741 2285 obscuro
766 2217 835 2285 sine
858 2219 989 2284 luminis
1009 2222 1206 2304 inruptione

187 2309 348 2392 suspendi.

185 2533 244 2602 DE
264 2534 385 2620 ΕΙΤΕ,
405 2535 536 2606 OVIVS
556 2536 756 2605 FRVOTVS
771 2536 925 2604 VMORE
944 2537 1211 2614 PVTRESOIT.

132 2655 248 2723 XVIII
317 2659 413 2745 Vitis,
436 2663 528 2728 cuius
548 2662 673 2728 fructus
693 2684 804 2727 umore
822 2663 991 2746 putrescit,
1014 2685 1073 2747 per
1090 2664 1211 2730 latera
1226 2693 1251 2732 so

184 2748 403 2832 pampinanda
431 2755 482 2815 est
509 2755 583 2816 ante
611 2751 812 2816 tricesimum
838 2752 1023 2817 uindemiae
1051 2753 1147 2818 diem
1173 2761 1213 2819 et

184 2836 254 2902 sola
276 2836 367 2903 frons
391 2839 448 2903 illa
467 2840 626 2904 seruanda
645 2845 703 2924 est,
726 2861 808 2924 quae
827 2840 861 2904 in
880 2840 1068 2906 summitate
1087 2843 1213 2926 posita

184 2925 286 2990 solem
308 2927 447 2991 nimium
470 2928 613 2993 defendit
637 2951 655 2993 a
678 2929 811 2994 uertice.

256 3065 492 3120 1LATERIBVS
516 3065 707 3120 FACIENDIS
730 3067 752 3123 S
776 3070 785 3138 ΙΙ
813 3074 828 3121 3
855 3084 887 3123 eo
911 3069 1007 3123 orruE
1032 3072 1041 3139 ΙΙ
1069 3075 1085 3123 5
1107 3073 1216 3140 pabu-

184 3131 243 3215 lum
257 3135 292 3215 ΙΕ
316 3139 319 3205 Ι
345 3137 454 3218 deferre
472 3137 504 3191 E
523 3140 533 3206 ΙΙ
557 3143 572 3192 6
592 3137 652 3192 suci
669 3137 758 3208 ipsius
777 3157 808 3208 c,
828 3139 1018 3266 sucisfipsius]
1037 3157 1091 3223 cpe
1123 3147 1128 3214 Ι
1160 3145 1217 3197 ud-

183 3207 329 3276 mise1sE,
350 3207 488 3262 adm1sees
507 3209 587 3264 ederi
600 3211 638 3278 {It
659 3209 871 3291 spissitudinem
906 3253 912 3278 ,
931 3211 1139 3293 pissitudrnem
1157 3216 1195 3268 E
1212 3217 1215 3273 I

185 3277 825 3426 assuete§secundusne
843 3276 1220 3424 dent*

185 3415 275 3470 ditete
294 3416 387 3471 VGE
406 3421 415 3488 μ
439 3425 471 3472 13
491 3423 557 3474 sunt
574 3437 625 3475 om.
640 3421 671 3474 Ε
694 3424 699 3490 Ι
724 3427 856 3493 corrupta
874 3423 921 3478 uel
939 3441 988 3480 cnr.
999 3442 1022 3494 p
1045 3427 1051 3506 Ι
1075 3441 1221 3482 recesse-

184 3501 245 3538 mus
265 3485 300 3555 L,
319 3502 494 3543 recensemus
516 3490 542 3546 G
563 3493 572 3559 ΙΙ
597 3496 629 3544 16
648 3492 810 3547 botrionum
828 3495 881 3550 PS
896 3498 905 3565 ΙΙ
925 3501 957 3550 16
977 3494 1078 3550 ambrri
1098 3497 1191 3553 SEs
1212 3510 1214 3568 ι

187 3560 219 3607 17
234 3555 307 3610 sicco
321 3573 371 3610 om.
383 3558 413 3611 Ε
427 3561 432 3627 Ι
448 3559 656 3631 incorruptione
670 3564 697 3618 L
710 3565 719 3633 tt
734 3569 767 3618 23
783 3565 949 3620 solemnium
962 3567 989 3621 V
1001 3567 1005 3639 Ι
1022 3566 1173 3622 defendat
1185 3571 1222 3623 E
