2556 3942
467 215 613 271 naara-1
627 222 697 271 8-9
1049 216 1091 280 15

23 373 25 382 ’
87 364 224 445 st'tutae,
243 369 281 428 ut
298 364 405 449 possit
424 385 479 428 eas
498 363 626 427 hiberni
646 362 725 426 solis
745 366 836 427 totus
855 363 1089 446 propemodum

86 475 189 518 cursus
213 454 364 518 hilarare.
402 453 436 517 in
458 453 510 516 his
533 451 723 534 pauimenta
745 452 930 535 obportuna
949 471 1019 516 esse
1039 452 1090 515 de-

86 543 209 607 bebunt.
250 543 393 627 primum
420 541 456 604 in
482 540 616 605 fabricis
645 540 751 623 planis
781 558 892 604 earum
917 542 1090 606 obseruan-
1114 548 1134 610 2

85 631 154 696 dum
185 636 250 716 est,
280 635 317 696 ut
346 631 490 715 aequalis
519 633 553 694 et
580 629 685 693 solida
712 628 917 715 contignatio
945 630 1017 712 fiat,
1049 651 1090 693 ne

63 721 197 804 agredus
230 720 469 784 ambulantium
501 723 624 783 tremor
655 717 798 783 fabricae
830 719 1006 782 titubantis
1040 741 1091 782 ex-

85 809 188 874 cutiat.
234 809 348 873 deinde
381 813 420 872 ut
452 829 527 872 axes
561 827 701 890 quernae
733 829 807 872 cum
838 807 994 872 aesculeis
1023 829 1090 871 non

85 899 282 963 misceantur.
329 919 405 961 nam
438 917 574 980 quercus
607 917 720 960 umore
750 902 921 980 concepto,
954 917 1027 961 cum
1056 917 1090 960 se

84 986 221 1072 coeperit
249 987 384 1068 siccare,
416 985 623 1070 torquebitur
652 986 684 1048 et
711 984 810 1050 rimas
838 984 874 1049 in
901 985 1090 1069 pauimento

83 1074 187 1140 faciet:
212 1075 359 1140 aesculus
383 1079 491 1139 autem
515 1074 584 1138 sine
603 1072 685 1138 uitio
705 1074 809 1138 durat.
849 1075 904 1138 sed
924 1074 952 1138 si
971 1095 1090 1157 quercu
1114 1083 1136 1146 3

51 1165 272 1248 rosubpetente
300 1164 448 1228 aesculus
478 1163 576 1247 desit,
603 1162 770 1227 subtiliter
798 1179 935 1247 quercus
964 1167 1091 1228 secetur

84 1257 113 1317 et
142 1259 349 1318 transuersus
383 1256 480 1336 atque
513 1251 656 1316 directus
689 1252 808 1336 duplex
840 1257 981 1336 ponatur
1012 1252 1090 1316 ordo

84 1343 265 1407 tabularum
285 1342 387 1406 clauis
406 1341 633 1424 frequentibus
652 1341 745 1405 fixus.
777 1342 816 1405 dc
836 1363 926 1405 cerro
943 1343 1000 1406 aut
1013 1341 1090 1426 fago

84 1434 134 1494 aut
151 1432 247 1496 farno
266 1431 450 1495 diutissime
467 1429 615 1494 tabulata
629 1429 801 1514 durabunt,
821 1430 849 1494 si
865 1430 978 1494 stratis
994 1449 1092 1514 super

82 1519 177 1602 paleis
202 1520 256 1583 uel
278 1520 363 1584 filice
387 1537 482 1584 umor
505 1519 602 1584 calcis
625 1539 786 1603 nusquam
806 1519 846 1582 ad
864 1519 1003 1583 tabulati
1024 1539 1092 1584 cor-

51 1633 70 1670 15
82 1630 137 1690 pus
170 1607 314 1676 accedat.
360 1612 438 1671 tunc
467 1607 797 1691 superstatuminabis
825 1609 938 1693 rudus,
970 1609 1003 1673 id
1031 1613 1137 1691 est,4

83 1718 154 1762 saxa
186 1701 325 1762 contusa
358 1696 483 1760 duabus
510 1697 660 1779 partibus
689 1701 723 1761 et
750 1718 816 1761 una
844 1698 941 1762 calcis
970 1702 1092 1780 tempe-

83 1791 168 1850 rante
199 1785 389 1851 constitues.
429 1785 492 1850 hoc
521 1806 594 1848 cum
621 1787 661 1848 ad
690 1807 746 1850 sex
774 1786 954 1871 digitorum
977 1785 1092 1850 crassi·

82 1875 223 1940 tudinem
252 1873 366 1940 feceris
395 1878 428 1938 et
451 1873 566 1959 regula
588 1874 768 1957 exploratis
793 1875 941 1959 aequale,
969 1876 997 1940 si
1020 1875 1092 1940 loca

82 1961 232 2028 hiemalia
255 1970 345 2047 sunt,
369 1964 434 2027 tale
458 1961 683 2046 pauimentum
707 1963 840 2029 debebis
864 1964 1035 2048 inponere,
1057 1963 1092 2028 iu

50 2073 140 2134 aquo
173 2052 229 2118 uel
261 2053 356 2117 nudis
388 2052 525 2136 pedibus
557 2055 684 2116 stantes
717 2052 860 2118 ministri
889 2053 997 2117 hieme
1026 2072 1092 2117 non

82 2141 253 2226 rigescant.
300 2140 433 2206 inducto
465 2141 576 2224 itaque
606 2142 721 2205 rudere
749 2142 802 2206 uel
830 2146 975 2206 testaceo
1003 2142 1093 2224 paui-

84 2237 187 2296 mento
230 2234 404 2317 congestos
442 2233 475 2294 et
513 2230 655 2295 calcatos
688 2230 792 2313 spisse
825 2231 981 2295 carbones
1018 2251 1092 2294 cum

83 2319 236 2385 sabulone
264 2325 298 2384 et
325 2319 439 2384 fauilla
467 2323 501 2383 et
524 2318 611 2384 calce
634 2318 845 2402 permiscebis
870 2323 903 2383 et
925 2319 1022 2383 huius
1046 2319 1092 2382 in-

83 2429 195 2489 pensae
221 2408 471 2474 crassitudinem
495 2429 551 2472 sex
574 2407 678 2472 unciis
702 2408 829 2473 iubebis
853 2407 979 2492 inponi:
1005 2408 1092 2492 quod

51 2519 71 2558 as
84 2501 292 2582 exaequatum
317 2497 413 2582 nigra
435 2495 624 2580 pauimenta
647 2496 803 2560 formabit
826 2496 1092 2581 0101000100-

83 2583 195 2651 dentur
227 2607 267 2650 cx
298 2586 438 2670 poculis,
470 2584 628 2651 uelociter
659 2591 755 2669 rapta
787 2587 933 2670 desugat.
979 2585 1034 2651 sed
1064 2586 1138 2650 sio

83 2675 222 2740 aestiuae
247 2675 432 2740 mansiones
452 2679 537 2758 sunt,
562 2674 721 2740 orientem
740 2675 950 2739 solstitialem
969 2680 1002 2740 ct
1021 2697 1092 2759 par-

148 2869 214 2921 201
232 2866 263 2919 in
281 2866 325 2920 his
344 2867 371 2920 L
398 2869 407 2936 ll
435 2867 666 2920 &ambulantum
684 2865 786 2940 VSGl
807 2869 957 2922 tremorem
977 2867 1093 2940 6109011

83 2939 97 2987 6
116 2952 221 2992 asseres
241 2939 304 3008 1111
323 2937 476 2992 misceatur
490 2939 530 2992 L¹
546 2942 549 3008 Ι
567 2955 629 2992 cum
649 2937 774 3008 coeperit
792 2938 892 2992 siccari
911 2953 964 3008 ops
977 2938 986 3006 ΙΙ
1001 2943 1016 2990 8
1036 2941 1094 2992 tor·

83 3012 179 3086 quetur
198 3011 302 3064 codices
320 3011 441 3078 (macter
461 3010 497 3133 (lq
516 3017 541 3064 et
559 3011 571 3063 1
594 3014 603 3078 l
627 3015 660 3063 10
676 3010 786 3064 esculus
805 3012 869 3080 (pro
888 3011 1017 3079 quercus)
1037 3011 1068 3064 E

83 3083 199 3134 necetur
220 3081 319 3136 GEo'a
341 3083 350 3149 ΙΙ
375 3086 407 3132 11
428 3081 513 3150 dupe
531 3081 562 3134 E
574 3083 583 3150 11
602 3087 635 3134 12
656 3082 690 3135 de
710 3095 805 3135 ceraso
825 3082 856 3148 V,
880 3080 914 3133 de
934 3096 1034 3135 acerno
1054 3083 1065 3134 i
1083 3081 1086 3152 1

83 3155 112 3202 13
131 3155 181 3206 aut
200 3151 310 3206 fraxino
328 3153 363 3222 111
378 3157 411 3204 14
429 3169 568 3221 nusquam
582 3169 632 3206 om.
648 3153 678 3206 Ε
690 3155 699 3222 ll
715 3158 747 3206 15
763 3152 873 3206 accedit
891 3149 965 3206 V¹a
981 3154 985 3222 Ι
1000 3154 1094 3206 totum

82 3223 142 3288 (pro
160 3225 241 3292 tunc)
259 3223 308 3294 ΕΙ
325 3239 408 3292 super
427 3223 626 3277 statuminabis
644 3239 658 3278 s
674 3228 677 3293 Ι
693 3225 777 3277 rudes
796 3224 828 3291 V,
849 3222 933 3276 ruder
952 3224 982 3277 Ε
997 3225 1001 3296 l
1017 3223 1094 3277 idem

83 3295 121 3345 est
138 3295 169 3346 Ε
181 3297 191 3363 ΙΙ
212 3300 244 3348 16
264 3295 324 3348 saxi
344 3294 454 3348 contusi
473 3294 543 3348 duas
562 3297 657 3364 partes
676 3297 705 3348 et
724 3311 787 3348 cum
805 3310 863 3347 una
882 3293 967 3348 calcis
986 3297 1092 3364 tempe·

82 3367 156 3418 ratae
171 3383 191 3418 0
206 3367 215 3434 ΙΙ
230 3369 262 3419 18
282 3365 472 3435 exploraucris
492 3381 569 3436 urps
584 3368 588 3436 1
606 3365 719 3433 aequali
734 3367 765 3433 V,
785 3364 899 3432 equales
914 3367 945 3419 Ε
957 3369 966 3432 ΙΙ
982 3371 1014 3419 19
1033 3366 1093 3419 hie-

83 3434 183 3488 maliL
201 3437 205 3504 Ι
222 3437 301 3491 debis
314 3438 337 3508 Q
351 3440 359 3507 ΙΙ
373 3441 407 3490 13
423 3436 522 3491 sabulo
536 3438 567 3490 Ε
581 3440 585 3507 Ι
601 3437 750 3506 permisces
761 3436 1066 3506 carmaniae
1084 3436 1093 3508 11

82 3509 113 3626 {lt
131 3509 234 3631 raptcE
233 3509 263 3561 E
282 3509 286 3580 1
307 3509 440 3579 desurgat
460 3509 496 3578 Q,
516 3508 631 3578 desugat
651 3508 686 3576 F,
707 3508 845 3577 desugent
862 3509 916 3562 100
939 3507 947 3578 ll
971 3511 1005 3559 at
1028 3521 1092 3576 par-

93 3590 135 3630 em
155 3594 170 3631 e
