2518 3938
392 192 543 246 PALLAD.
558 191 676 246 AGRIO.
691 193 743 247 XII
758 200 771 248 1
1029 196 1093 260 233

111 336 210 402 VIIII
242 337 434 404 Remedium
458 337 593 417 uiribus,
617 360 697 425 quae
718 339 787 405 sine
806 339 900 426 fruge
919 340 1094 408 luxuriant.

178 426 209 490 X
241 427 434 493 Remedium
457 427 562 493 sterili
585 428 655 494 uiti.

159 514 207 580 XI
239 513 288 579 De
312 517 437 582 rosario
462 539 501 582 ex
523 517 636 601 paucis
659 518 798 603 uirgulis
822 519 1031 585 instituendo.

142 603 204 669 XII
238 601 286 668 Ut
308 629 373 670 uua
396 628 498 690 usque
523 607 563 670 ad
586 629 644 671 uer
667 612 852 673 reseruetur
873 609 908 673 in
931 609 1009 674 uite.

58 720 68 759 5
127 693 209 759 XIII
241 693 290 758 De
320 696 475 781 gregibus
500 696 593 759 ouilli
620 696 748 782 generis
773 701 806 761 et
830 697 955 781 caprini
983 702 1016 762 et
1038 722 1093 784 pa-

240 783 349 848 scendi
372 784 492 850 ordine.

103 871 202 936 XIIII
236 871 285 936 De
308 873 482 958 glandibus
506 874 660 959 legendis.
774 880 777 885 ’

140 961 203 1025 XV
237 961 286 1026 De
310 963 446 1027 materie
470 963 639 1028 caedenda.
852 1017 853 1020 ,

125 1049 206 1114 XVI
238 1050 287 1116 De
310 1050 544 1117 transferendis
568 1053 740 1117 arboribus
764 1053 896 1118 maioris
921 1055 1047 1119 aetatis.

44 1166 66 1204 10
107 1137 205 1204 XVII
239 1140 287 1205 De
312 1141 383 1206 oleo
403 1139 551 1205 faciendo
576 1142 752 1205 secundum
772 1141 914 1208 Graecos
936 1147 969 1208 et
989 1167 1092 1208 emen·
1200 1199 1201 1202 ,

237 1229 352 1294 dando,

91 1315 205 1380 XVIII
237 1315 286 1382 De
311 1319 393 1402 oleo,
415 1326 454 1382 ut
477 1319 639 1384 liburnico
662 1319 770 1384 'simile
793 1319 865 1384 fieri
888 1321 1001 1405 possib.

75 1403 205 1470 XVIIII
238 1405 285 1471 Ut
309 1407 417 1472 oleum
440 1408 606 1472 sordidum
629 1429 758 1494 purges.

142 1494 206 1558 XX
238 1495 287 1559 De
312 1496 383 1560 oleo
408 1495 516 1560 odoris
539 1497 730 1584 horrendi..

41 1609 62 1648 15
125 1581 206 1647 XXI
240 1583 288 1648 De
313 1585 385 1650 oleo
409 1585 540 1650 rancido
566 1585 715 1651 curanda.

108 1671 206 1735 XXII
240 1672 288 1737 De
313 1674 500 1739 condiendis
525 1674 632 1740 oliuis.

87 1759 204 1826 XXIII
237 1760 286 1826 De
309 1763 408 1828 horis.

502 1907 662 1914 .-.--.-

73 2063 130 2128 DE
151 2062 347 2130 SATIONII
363 2065 537 2152 TRITIOI,
554 2064 723 2148 FARRIS,
741 2064 922 2151 Honori,
942 2067 1088 2133 FABAE

73 2168 166 2236 CUM
210 2170 477 2254 DISCIPLINA,
519 2172 577 2238 DE
615 2171 870 2239 LENTIOULA
905 2172 1088 2241 MATURE

37 2305 59 2342 11
274 2276 494 2364 SERENDA,
517 2278 575 2343 DE
600 2278 696 2344 LINI
720 2278 899 2344 SEMINE.

137 2403 213 2468 Hoo
237 2396 347 2468 mense
370 2403 518 2468 triticum
542 2425 685 2469 seremus
714 2409 747 2468 et
780 2403 830 2468 far
859 2405 984 2470 satione
1008 2407 1090 2492 legi·
1113 2406 1130 2470 I

70 2493 153 2558 tima
180 2514 216 2558 ao
238 2498 382 2558 semente
407 2493 566 2557 sollemni.
595 2493 744 2578 iugerum
762 2494 932 2578 utriusque
957 2496 1089 2560 seminis

71 2581 192 2647 modiis
224 2582 365 2666 quinque
396 2582 570 2646 tenebitur.
615 2603 701 2646 nuno
732 2586 766 2646 et
795 2582 952 2648 hordeum
986 2589 1089 2650 matu·

71 2693 145 2736 rum
173 2670 276 2735 adhue
301 2693 453 2736 serenius.
500 2671 534 2734 in
557 2670 653 2735 huius
681 2670 842 2756 principio
866 2673 977 2738 fabam
1002 2697 1089 2759 spar-

34 2783 57 2822 25
71 2760 198 2844 gimus‚
229 2782 311 2843 quae
335 2759 587 2844 pinguissimum
611 2760 664 2824 uel
688 2764 903 2827 stercoratam
927 2764 1088 2827 desiderat

70 2849 184 2914 locum
207 2849 260 2912 uel
283 2849 418 2934 uallem,
447 2870 544 2933 quam
574 2871 669 2914 sucus
699 2851 832 2932 ueniens
856 2874 875 2915 a
900 2852 1088 2915 summitate

68 3085 77 3110 1
103 3059 121 3105 l?
143 3065 158 3112 1
180 3058 240 3112 sine
259 3059 314 3113 fine
338 3060 383 3129 Vn
401 3066 418 3113 4
437 3059 478 3113 De
498 3075 555 3112 uua
573 3062 605 3112 ut
623 3077 712 3128 usqua
731 3061 779 3132 El
802 3059 899 3113 adueri
920 3059 998 3128 Gllb
1018 3061 1088 3114 ouili

67 3132 94 3185 L
104 3131 173 3198 ΥΕ,
189 3129 273 3183 onilis
286 3131 316 3197 Τ,
332 3129 401 3184 oliui
413 3130 438 3184 G
448 3130 457 3203 ll
466 3137 498 3184 12
510 3129 609 3184 Oleum
623 3131 764 3185 liburnico
775 3130 909 3184 similata
925 3136 929 3199 1
946 3131 1032 3185 simili
1044 3134 1070 3188 G
1078 3133 1088 3206 ll

70 3208 102 3255 15
129 3204 160 3255 et
183 3201 358 3256 emendando
382 3202 491 3257 addunt
513 3203 547 3256 lu
570 3206 578 3270 ΙΙ
603 3209 635 3256 16
660 3201 813 3257 condendis
836 3203 855 3255 ι’.
879 3203 951 3256 buno
976 3205 1087 3258 titulum

68 3290 119 3327 om.
143 3273 169 3326 G
183 3275 192 3342 ῑῑ
208 3278 240 3325 19
260 3271 335 3326 CUM
355 3271 558 3326 DISCIPLINA
577 3292 626 3329 om.
647 3274 678 3328 E
700 3276 703 3344 l
727 3276 756 3327 et
775 3273 810 3326 de
829 3274 859 3326 io
881 3273 884 3343 l
908 3274 1085 3328 MATURAE

69 3342 215 3396 SEREDA
236 3343 451 3412 GlMA'l'URIl
471 3363 520 3400 om.
540 3346 593 3399 iao
606 3347 616 3415 ΙΙ
630 3351 664 3398 20
684 3347 713 3398 et
731 3344 766 3398 do
784 3345 837 3398 iao
856 3348 864 3414 Η
883 3350 914 3398 21
934 3345 1087 3400 Novembri

66 3431 166 3468 manse
184 3433 240 3486 cys
253 3417 262 3484 ll
277 3421 310 3468 22
330 3432 364 3469 ao
383 3414 506 3470 sementa
525 3415 654 3470 sollemni
673 3417 736 3470 lael.
756 3432 769 3470 s
789 3416 793 3486 Ι
813 3415 942 3486 iugerum
961 3435 1010 3471 om.
1031 3418 1062 3469 E
1078 3417 1087 3490 ll

68 3492 104 3539 24
123 3485 155 3539 in
177 3487 261 3612 bulilus
279 3485 384 3541 mensis
407 3487 545 3558 principio
565 3487 628 3559 3111
648 3493 682 3540 25
702 3484 798 3554 diligit
813 3505 867 3556 pro
886 3487 1028 3541 desiderat
1038 3505 1060 3555 p
1078 3492 1087 3558 fl

68 3563 103 3611 26
125 3559 155 3611 et
173 3575 210 3611 ua
234 3574 278 3611 em
297 3559 327 3611 E
