<?xml version="1.0" encoding="UTF-8"?>
<!DOCTYPE html PUBLIC "-//W3C//DTD XHTML 1.0 Transitional//EN"
    "http://www.w3.org/TR/xhtml1/DTD/xhtml1-transitional.dtd">
<html xmlns="http://www.w3.org/1999/xhtml" xml:lang="en" lang="en">
 <head>
  <title>
</title>
<meta http-equiv="Content-Type" content="text/html;charset=utf-8" />
  <meta name='ocr-system' content='tesseract 3.04.00' />
  <meta name='ocr-capabilities' content='ocr_page ocr_carea ocr_par ocr_line ocrx_word'/>
</head>
<body>
  <div class='ocr_page' id='page_1' title='image "./palladiirutilii01pallgoog_0236.png"; bbox 0 0 2538 3942; ppageno 0'>
   <div class='ocr_carea' id='block_1_1' title="bbox 454 182 1095 248">
    <p class='ocr_par' dir='ltr' id='par_1_1' title="bbox 454 182 1095 248">
     <span class='ocr_line' id='line_1_1' title="bbox 454 182 1095 248; baseline -0.005 -11"><span class='ocrx_word' id='word_1_1' title='bbox 454 182 572 239; x_wconf 72' lang='lat' dir='ltr'><strong>AGRIO.</strong></span> <span class='ocrx_word' id='word_1_2' title='bbox 586 183 627 238; x_wconf 88' lang='lat' dir='ltr'>XI</span> <span class='ocrx_word' id='word_1_3' title='bbox 638 188 727 239; x_wconf 64' lang='lat'>,8-11</span> <span class='ocrx_word' id='word_1_4' title='bbox 1031 184 1095 248; x_wconf 74' lang='lat'>217</span> 
     </span>
    </p>
   </div>
   <div class='ocr_carea' id='block_1_2' title="bbox 83 329 1098 415">
    <p class='ocr_par' dir='ltr' id='par_1_2' title="bbox 83 329 1098 415">
     <span class='ocr_line' id='line_1_2' title="bbox 83 329 1098 415; baseline 0 -21"><span class='ocrx_word' id='word_1_5' title='bbox 83 330 129 395; x_wconf 91' lang='lat' dir='ltr'>ibi</span> <span class='ocrx_word' id='word_1_6' title='bbox 149 330 256 415; x_wconf 86' lang='lat' dir='ltr'>putris</span> <span class='ocrx_word' id='word_1_7' title='bbox 275 333 332 394; x_wconf 89' lang='lat' dir='ltr'>aut</span> <span class='ocrx_word' id='word_1_8' title='bbox 352 329 438 395; x_wconf 91' lang='lat' dir='ltr'>sicoa</span> <span class='ocrx_word' id='word_1_9' title='bbox 457 333 516 414; x_wconf 87' lang='lat' dir='ltr'>est,</span> <span class='ocrx_word' id='word_1_10' title='bbox 534 351 691 394; x_wconf 90' lang='lat' dir='ltr'>remoues.</span> <span class='ocrx_word' id='word_1_11' title='bbox 721 329 780 395; x_wconf 93' lang='lat' dir='ltr'>ubi</span> <span class='ocrx_word' id='word_1_12' title='bbox 799 351 879 395; x_wconf 92' lang='lat' dir='ltr'>uero</span> <span class='ocrx_word' id='word_1_13' title='bbox 895 330 1098 415; x_wconf 88' lang='lat' dir='ltr'>conpleueris</span> 
     </span>
    </p>
   </div>
   <div class='ocr_carea' id='block_1_3' title="bbox 48 417 1177 1392">
    <p class='ocr_par' dir='ltr' id='par_1_3' title="bbox 48 417 1177 1392">
     <span class='ocr_line' id='line_1_3' title="bbox 83 417 1098 503; baseline 0.001 -20"><span class='ocrx_word' id='word_1_14' title='bbox 83 421 215 484; x_wconf 91' lang='lat' dir='ltr'>modum</span> <span class='ocrx_word' id='word_1_15' title='bbox 238 417 382 501; x_wconf 78' lang='lat' dir='ltr'>laetorii,</span> <span class='ocrx_word' id='word_1_16' title='bbox 406 417 490 484; x_wconf 88' lang='lat' dir='ltr'>sales</span> <span class='ocrx_word' id='word_1_17' title='bbox 514 418 612 483; x_wconf 88' lang='lat' dir='ltr'>tritos</span> <span class='ocrx_word' id='word_1_18' title='bbox 635 419 688 483; x_wconf 91' lang='lat' dir='ltr'>uel</span> <span class='ocrx_word' id='word_1_19' title='bbox 710 441 778 484; x_wconf 90' lang='lat' dir='ltr'>non</span> <span class='ocrx_word' id='word_1_20' title='bbox 800 418 914 502; x_wconf 86' lang='lat' dir='ltr'>tritos,</span> <span class='ocrx_word' id='word_1_21' title='bbox 937 420 1024 503; x_wconf 92' lang='lat' dir='ltr'>quod</span> <span class='ocrx_word' id='word_1_22' title='bbox 1047 423 1098 484; x_wconf 87' lang='lat' dir='ltr'>est</span> 
     </span>
     <span class='ocr_line' id='line_1_4' title="bbox 83 507 1099 592; baseline 0 -20"><span class='ocrx_word' id='word_1_23' title='bbox 83 508 214 592; x_wconf 91' lang='lat' dir='ltr'>melius,</span> <span class='ocrx_word' id='word_1_24' title='bbox 241 509 276 572; x_wconf 91' lang='lat' dir='ltr'>in</span> <span class='ocrx_word' id='word_1_25' title='bbox 305 508 425 572; x_wconf 91' lang='lat' dir='ltr'>oliuam</span> <span class='ocrx_word' id='word_1_26' title='bbox 454 509 589 573; x_wconf 88' lang='lat' dir='ltr'>eandem</span> <span class='ocrx_word' id='word_1_27' title='bbox 619 508 732 572; x_wconf 86' lang='lat' dir='ltr'>mittes</span> <span class='ocrx_word' id='word_1_28' title='bbox 754 530 813 592; x_wconf 90' lang='lat' dir='ltr'>per</span> <span class='ocrx_word' id='word_1_29' title='bbox 835 508 948 573; x_wconf 91' lang='lat' dir='ltr'>decem</span> <span class='ocrx_word' id='word_1_30' title='bbox 970 507 1099 573; x_wconf 87' lang='lat' dir='ltr'>modios</span> 
     </span>
     <span class='ocr_line' id='line_1_5' title="bbox 84 596 1100 681; baseline -0.001 -20"><span class='ocrx_word' id='word_1_31' title='bbox 84 601 151 662; x_wconf 87' lang='lat' dir='ltr'>tres</span> <span class='ocrx_word' id='word_1_32' title='bbox 175 597 254 662; x_wconf 88' lang='lat' dir='ltr'>salis</span> <span class='ocrx_word' id='word_1_33' title='bbox 278 600 311 661; x_wconf 92' lang='lat' dir='ltr'>et</span> <span class='ocrx_word' id='word_1_34' title='bbox 332 598 434 662; x_wconf 90' lang='lat' dir='ltr'>moles</span> <span class='ocrx_word' id='word_1_35' title='bbox 452 597 559 681; x_wconf 88' lang='lat' dir='ltr'>primo</span> <span class='ocrx_word' id='word_1_36' title='bbox 578 600 612 661; x_wconf 88' lang='lat' dir='ltr'>et</span> <span class='ocrx_word' id='word_1_37' title='bbox 630 597 677 662; x_wconf 88' lang='lat' dir='ltr'>sio</span> <span class='ocrx_word' id='word_1_38' title='bbox 697 597 828 662; x_wconf 90' lang='lat' dir='ltr'>salitam</span> <span class='ocrx_word' id='word_1_39' title='bbox 845 596 882 660; x_wconf 91' lang='lat' dir='ltr'>in</span> <span class='ocrx_word' id='word_1_40' title='bbox 899 597 995 661; x_wconf 91' lang='lat' dir='ltr'>nouis</span> <span class='ocrx_word' id='word_1_41' title='bbox 1015 596 1100 661; x_wconf 90' lang='lat' dir='ltr'>cani-</span> 
     </span>
     <span class='ocr_line' id='line_1_6' title="bbox 60 685 1099 770; baseline 0.002 -22"><span class='ocrx_word' id='word_1_42' title='bbox 60 685 163 751; x_wconf 75' lang='lat' dir='ltr'>astris</span> <span class='ocrx_word' id='word_1_43' title='bbox 187 708 259 752; x_wconf 91' lang='lat' dir='ltr'>esse</span> <span class='ocrx_word' id='word_1_44' title='bbox 281 685 427 768; x_wconf 89' lang='lat' dir='ltr'>patieris,</span> <span class='ocrx_word' id='word_1_45' title='bbox 448 689 487 750; x_wconf 88' lang='lat' dir='ltr'>ut</span> <span class='ocrx_word' id='word_1_46' title='bbox 508 689 680 770; x_wconf 86' lang='lat' dir='ltr'>pernoctet</span> <span class='ocrx_word' id='word_1_47' title='bbox 704 707 778 751; x_wconf 91' lang='lat' dir='ltr'>cum</span> <span class='ocrx_word' id='word_1_48' title='bbox 802 685 926 750; x_wconf 89' lang='lat' dir='ltr'>salibus</span> <span class='ocrx_word' id='word_1_49' title='bbox 949 687 983 750; x_wconf 89' lang='lat' dir='ltr'>et</span> <span class='ocrx_word' id='word_1_50' title='bbox 1001 686 1099 750; x_wconf 89' lang='lat' dir='ltr'>ducat</span> 
     </span>
     <span class='ocr_line' id='line_1_7' title="bbox 83 773 1100 860; baseline -0.002 -21"><span class='ocrx_word' id='word_1_51' title='bbox 83 775 118 839; x_wconf 90' lang='lat' dir='ltr'>in</span> <span class='ocrx_word' id='word_1_52' title='bbox 147 797 181 840; x_wconf 87' lang='lat' dir='ltr'>se</span> <span class='ocrx_word' id='word_1_53' title='bbox 211 775 339 840; x_wconf 90' lang='lat' dir='ltr'>eosdem</span> <span class='ocrx_word' id='word_1_54' title='bbox 368 796 513 860; x_wconf 84' lang='lat' dir='ltr'>sapores:</span> <span class='ocrx_word' id='word_1_55' title='bbox 547 796 584 840; x_wconf 92' lang='lat' dir='ltr'>ac</span> <span class='ocrx_word' id='word_1_56' title='bbox 616 797 711 840; x_wconf 88' lang='lat' dir='ltr'>mane</span> <span class='ocrx_word' id='word_1_57' title='bbox 738 774 844 859; x_wconf 89' lang='lat' dir='ltr'><strong>premi</strong></span> <span class='ocrx_word' id='word_1_58' title='bbox 871 773 1008 859; x_wconf 75' lang='lat' dir='ltr'>incipiat</span> <span class='ocrx_word' id='word_1_59' title='bbox 1036 773 1100 838; x_wconf 95' lang='lat' dir='ltr'>olei</span> 
     </span>
     <span class='ocr_line' id='line_1_8' title="bbox 84 863 1177 948; baseline 0 -20"><span class='ocrx_word' id='word_1_60' title='bbox 84 863 254 929; x_wconf 91' lang='lat' dir='ltr'>meliorem</span> <span class='ocrx_word' id='word_1_61' title='bbox 268 864 392 928; x_wconf 88' lang='lat' dir='ltr'>fluxum</span> <span class='ocrx_word' id='word_1_62' title='bbox 406 863 573 928; x_wconf 89' lang='lat' dir='ltr'>redditura</span> <span class='ocrx_word' id='word_1_63' title='bbox 587 863 666 928; x_wconf 92' lang='lat' dir='ltr'>salis</span> <span class='ocrx_word' id='word_1_64' title='bbox 681 883 796 948; x_wconf 86' lang='lat' dir='ltr'>sapore</span> <span class='ocrx_word' id='word_1_65' title='bbox 812 867 978 947; x_wconf 88' lang='lat' dir='ltr'>concepto.</span> <span class='ocrx_word' id='word_1_66' title='bbox 1005 883 1099 928; x_wconf 88' lang='lat' dir='ltr'>cana-</span> <span class='ocrx_word' id='word_1_67' title='bbox 1124 864 1145 928; x_wconf 81' lang='lat'>2</span> <span class='ocrx_word' id='word_1_68' title='bbox 1175 915 1177 920; x_wconf 86' lang='lat'><em>.</em></span> 
     </span>
     <span class='ocr_line' id='line_1_9' title="bbox 82 951 1101 1037; baseline -0.003 -20"><span class='ocrx_word' id='word_1_69' title='bbox 82 953 131 1018; x_wconf 91' lang='lat' dir='ltr'>les</span> <span class='ocrx_word' id='word_1_70' title='bbox 162 975 240 1018; x_wconf 84' lang='lat' dir='ltr'>sane</span> <span class='ocrx_word' id='word_1_71' title='bbox 269 956 302 1017; x_wconf 88' lang='lat' dir='ltr'>et</span> <span class='ocrx_word' id='word_1_72' title='bbox 325 953 436 1018; x_wconf 89' lang='lat' dir='ltr'>omnia</span> <span class='ocrx_word' id='word_1_73' title='bbox 458 951 662 1037; x_wconf 87' lang='lat' dir='ltr'>receptacula</span> <span class='ocrx_word' id='word_1_74' title='bbox 686 953 750 1017; x_wconf 90' lang='lat' dir='ltr'>olei</span> <span class='ocrx_word' id='word_1_75' title='bbox 774 952 878 1017; x_wconf 89' lang='lat' dir='ltr'>calida</span> <span class='ocrx_word' id='word_1_76' title='bbox 901 973 986 1037; x_wconf 89' lang='lat' dir='ltr'>aqua</span> <span class='ocrx_word' id='word_1_77' title='bbox 1009 951 1101 1035; x_wconf 91' lang='lat' dir='ltr'>prius</span> 
     </span>
     <span class='ocr_line' id='line_1_10' title="bbox 83 1041 1101 1126; baseline -0.002 -20"><span class='ocrx_word' id='word_1_78' title='bbox 83 1042 223 1126; x_wconf 89' lang='lat' dir='ltr'>lauabis,</span> <span class='ocrx_word' id='word_1_79' title='bbox 245 1046 283 1106; x_wconf 86' lang='lat' dir='ltr'>ut</span> <span class='ocrx_word' id='word_1_80' title='bbox 306 1041 389 1106; x_wconf 89' lang='lat' dir='ltr'>nihil</span> <span class='ocrx_word' id='word_1_81' title='bbox 409 1042 448 1106; x_wconf 91' lang='lat' dir='ltr'>de</span> <span class='ocrx_word' id='word_1_82' title='bbox 468 1043 544 1106; x_wconf 90' lang='lat' dir='ltr'>anni</span> <span class='ocrx_word' id='word_1_83' title='bbox 562 1041 733 1126; x_wconf 85' lang='lat' dir='ltr'>praeteriti</span> <span class='ocrx_word' id='word_1_84' title='bbox 751 1062 885 1106; x_wconf 89' lang='lat' dir='ltr'>rancore</span> <span class='ocrx_word' id='word_1_85' title='bbox 906 1041 1101 1106; x_wconf 88' lang='lat' dir='ltr'>custodiant.</span> 
     </span>
     <span class='ocr_line' id='line_1_11' title="bbox 48 1129 1102 1215; baseline 0 -23"><span class='ocrx_word' id='word_1_86' title='bbox 48 1153 71 1192; x_wconf 90' lang='lat'>10</span> <span class='ocrx_word' id='word_1_87' title='bbox 83 1129 177 1196; x_wconf 89' lang='lat' dir='ltr'>focos</span> <span class='ocrx_word' id='word_1_88' title='bbox 202 1129 302 1195; x_wconf 90' lang='lat' dir='ltr'>etiam</span> <span class='ocrx_word' id='word_1_89' title='bbox 324 1152 392 1195; x_wconf 90' lang='lat' dir='ltr'>non</span> <span class='ocrx_word' id='word_1_90' title='bbox 413 1130 548 1215; x_wconf 92' lang='lat' dir='ltr'>propius</span> <span class='ocrx_word' id='word_1_91' title='bbox 572 1130 776 1214; x_wconf 78' lang='lat' dir='ltr'>admonebis,</span> <span class='ocrx_word' id='word_1_92' title='bbox 798 1151 839 1194; x_wconf 93' lang='lat' dir='ltr'>ne</span> <span class='ocrx_word' id='word_1_93' title='bbox 864 1129 927 1194; x_wconf 92' lang='lat' dir='ltr'>olei</span> <span class='ocrx_word' id='word_1_94' title='bbox 951 1151 1102 1213; x_wconf 89' lang='lat' dir='ltr'>saporem</span> 
     </span>
     <span class='ocr_line' id='line_1_12' title="bbox 83 1217 1103 1304; baseline -0.002 -20"><span class='ocrx_word' id='word_1_95' title='bbox 83 1219 196 1284; x_wconf 83' lang='lat' dir='ltr'>fumus</span> <span class='ocrx_word' id='word_1_96' title='bbox 224 1219 357 1284; x_wconf 87' lang='lat' dir='ltr'>inficiat.</span> <span class='ocrx_word' id='word_1_97' title='bbox 402 1240 487 1283; x_wconf 92' lang='lat' dir='ltr'>nunc</span> <span class='ocrx_word' id='word_1_98' title='bbox 517 1240 627 1283; x_wconf 88' lang='lat' dir='ltr'>mense</span> <span class='ocrx_word' id='word_1_99' title='bbox 655 1222 822 1304; x_wconf 89' lang='lat' dir='ltr'>postremo</span> <span class='ocrx_word' id='word_1_100' title='bbox 845 1217 926 1283; x_wconf 89' lang='lat' dir='ltr'>locis</span> <span class='ocrx_word' id='word_1_101' title='bbox 951 1217 1045 1283; x_wconf 91' lang='lat' dir='ltr'>siccis</span> <span class='ocrx_word' id='word_1_102' title='bbox 1069 1221 1103 1282; x_wconf 88' lang='lat' dir='ltr'>et</span> 
     </span>
     <span class='ocr_line' id='line_1_13' title="bbox 84 1306 1013 1392; baseline -0.003 -17"><span class='ocrx_word' id='word_1_103' title='bbox 84 1309 201 1375; x_wconf 78' lang='lat' dir='ltr'>calidis</span> <span class='ocrx_word' id='word_1_104' title='bbox 226 1309 266 1373; x_wconf 93' lang='lat' dir='ltr'>ad</span> <span class='ocrx_word' id='word_1_105' title='bbox 290 1308 398 1373; x_wconf 91' lang='lat' dir='ltr'>oleum</span> <span class='ocrx_word' id='word_1_106' title='bbox 420 1306 605 1374; x_wconf 87' lang='lat' dir='ltr'>faciendum</span> <span class='ocrx_word' id='word_1_107' title='bbox 627 1307 711 1372; x_wconf 90' lang='lat' dir='ltr'>lauri</span> <span class='ocrx_word' id='word_1_108' title='bbox 735 1309 833 1372; x_wconf 91' lang='lat' dir='ltr'>bacas</span> <span class='ocrx_word' id='word_1_109' title='bbox 857 1306 1013 1392; x_wconf 88' lang='lat' dir='ltr'>legemus.</span> 
     </span>
    </p>
   </div>
   <div class='ocr_carea' id='block_1_4' title="bbox 470 1536 727 1603">
    <p class='ocr_par' dir='ltr' id='par_1_4' title="bbox 470 1536 727 1603">
     <span class='ocr_line' id='line_1_14' title="bbox 470 1536 727 1603; baseline 0.004 -1"><span class='ocrx_word' id='word_1_110' title='bbox 470 1537 531 1603; x_wconf 83' lang='lat' dir='ltr'>DE</span> <span class='ocrx_word' id='word_1_111' title='bbox 555 1536 727 1603; x_wconf 83' lang='lat' dir='ltr'><strong>HORTIS.</strong></span> 
     </span>
    </p>
   </div>
   <div class='ocr_carea' id='block_1_5' title="bbox 47 1659 1184 2905">
    <p class='ocr_par' dir='ltr' id='par_1_5' title="bbox 48 1659 1159 2190">
     <span class='ocr_line' id='line_1_15' title="bbox 157 1659 1159 1747; baseline -0.005 -17"><span class='ocrx_word' id='word_1_112' title='bbox 157 1664 271 1730; x_wconf 91' lang='lat' dir='ltr'>Mense</span> <span class='ocrx_word' id='word_1_113' title='bbox 300 1664 428 1729; x_wconf 83' lang='lat' dir='ltr'>octobri</span> <span class='ocrx_word' id='word_1_114' title='bbox 456 1663 592 1729; x_wconf 91' lang='lat' dir='ltr'>serenda</span> <span class='ocrx_word' id='word_1_115' title='bbox 624 1667 701 1728; x_wconf 87' lang='lat' dir='ltr'>sunt</span> <span class='ocrx_word' id='word_1_116' title='bbox 729 1662 856 1747; x_wconf 80' lang='lat' dir='ltr'>intyba,</span> <span class='ocrx_word' id='word_1_117' title='bbox 890 1684 971 1746; x_wconf 91' lang='lat' dir='ltr'>quae</span> <span class='ocrx_word' id='word_1_118' title='bbox 1003 1659 1159 1727; x_wconf 89' lang='lat' dir='ltr'>hiemiXI</span> 
     </span>
     <span class='ocr_line' id='line_1_16' title="bbox 48 1747 1104 1832; baseline -0.002 -16"><span class='ocrx_word' id='word_1_119' title='bbox 48 1777 72 1817; x_wconf 87' lang='lat'>15</span> <span class='ocrx_word' id='word_1_120' title='bbox 88 1755 245 1821; x_wconf 86' lang='lat' dir='ltr'>seruiunt.</span> <span class='ocrx_word' id='word_1_121' title='bbox 288 1757 399 1818; x_wconf 90' lang='lat' dir='ltr'>amant</span> <span class='ocrx_word' id='word_1_122' title='bbox 422 1774 552 1818; x_wconf 89' lang='lat' dir='ltr'>umores</span> <span class='ocrx_word' id='word_1_123' title='bbox 577 1756 609 1817; x_wconf 91' lang='lat' dir='ltr'>et</span> <span class='ocrx_word' id='word_1_124' title='bbox 633 1755 755 1817; x_wconf 90' lang='lat' dir='ltr'>terram</span> <span class='ocrx_word' id='word_1_125' title='bbox 780 1750 930 1832; x_wconf 88' lang='lat' dir='ltr'>solutam.</span> <span class='ocrx_word' id='word_1_126' title='bbox 973 1747 1104 1815; x_wconf 82' lang='lat' dir='ltr'>harenis</span> 
     </span>
     <span class='ocr_line' id='line_1_17' title="bbox 87 1839 1104 1926; baseline -0.005 -17"><span class='ocrx_word' id='word_1_127' title='bbox 87 1849 122 1910; x_wconf 91' lang='lat' dir='ltr'>et</span> <span class='ocrx_word' id='word_1_128' title='bbox 155 1842 252 1908; x_wconf 79' lang='lat' dir='ltr'>salsis</span> <span class='ocrx_word' id='word_1_129' title='bbox 285 1842 366 1907; x_wconf 91' lang='lat' dir='ltr'>locis</span> <span class='ocrx_word' id='word_1_130' title='bbox 400 1845 497 1926; x_wconf 89' lang='lat' dir='ltr'>atque</span> <span class='ocrx_word' id='word_1_131' title='bbox 530 1839 704 1906; x_wconf 78' lang='lat' dir='ltr'>maritimis</span> <span class='ocrx_word' id='word_1_132' title='bbox 740 1861 868 1905; x_wconf 87' lang='lat' dir='ltr'>summa</span> <span class='ocrx_word' id='word_1_133' title='bbox 899 1839 1104 1923; x_wconf 86' lang='lat' dir='ltr'>proueniunt.</span> 
     </span>
     <span class='ocr_line' id='line_1_18' title="bbox 87 1929 1106 2016; baseline -0.008 -17"><span class='ocrx_word' id='word_1_134' title='bbox 87 1953 166 1999; x_wconf 86' lang='lat' dir='ltr'>area</span> <span class='ocrx_word' id='word_1_135' title='bbox 194 1931 247 1996; x_wconf 90' lang='lat' dir='ltr'>his</span> <span class='ocrx_word' id='word_1_136' title='bbox 274 1929 403 2016; x_wconf 83' lang='lat' dir='ltr'>planior</span> <span class='ocrx_word' id='word_1_137' title='bbox 431 1931 619 2016; x_wconf 89' lang='lat' dir='ltr'>adparetur,</span> <span class='ocrx_word' id='word_1_138' title='bbox 651 1951 692 1994; x_wconf 93' lang='lat' dir='ltr'>ne</span> <span class='ocrx_word' id='word_1_139' title='bbox 721 1929 845 1994; x_wconf 81' lang='lat' dir='ltr'>radices</span> <span class='ocrx_word' id='word_1_140' title='bbox 876 1949 989 1992; x_wconf 90' lang='lat' dir='ltr'>eorum</span> <span class='ocrx_word' id='word_1_141' title='bbox 1017 1932 1106 1993; x_wconf 88' lang='lat' dir='ltr'>terra</span> 
     </span>
     <span class='ocr_line' id='line_1_19' title="bbox 74 2015 1106 2108; baseline -0.007 -21"><span class='ocrx_word' id='word_1_142' title='bbox 74 2022 239 2108; x_wconf 59' lang='lat' dir='ltr'>‘fugiente</span> <span class='ocrx_word' id='word_1_143' title='bbox 271 2019 442 2084; x_wconf 84' lang='lat' dir='ltr'>nudentur.</span> <span class='ocrx_word' id='word_1_144' title='bbox 494 2023 651 2104; x_wconf 86' lang='lat' dir='ltr'>quattuor</span> <span class='ocrx_word' id='word_1_145' title='bbox 682 2017 837 2082; x_wconf 83' lang='lat' dir='ltr'>foliorum</span> <span class='ocrx_word' id='word_1_146' title='bbox 865 2015 1106 2081; x_wconf 86' lang='lat' dir='ltr'>transferantur</span> 
     </span>
     <span class='ocr_line' id='line_1_20' title="bbox 87 2105 1106 2190; baseline -0.008 -15"><span class='ocrx_word' id='word_1_147' title='bbox 87 2113 129 2176; x_wconf 89' lang='lat' dir='ltr'>ad</span> <span class='ocrx_word' id='word_1_148' title='bbox 154 2111 265 2175; x_wconf 92' lang='lat' dir='ltr'>locum</span> <span class='ocrx_word' id='word_1_149' title='bbox 284 2111 508 2174; x_wconf 83' lang='lat' dir='ltr'>stercoratam.</span> <span class='ocrx_word' id='word_1_150' title='bbox 546 2111 624 2173; x_wconf 90' lang='lat' dir='ltr'>tunc</span> <span class='ocrx_word' id='word_1_151' title='bbox 643 2108 776 2190; x_wconf 86' lang='lat' dir='ltr'>plantae</span> <span class='ocrx_word' id='word_1_152' title='bbox 796 2105 907 2170; x_wconf 89' lang='lat' dir='ltr'>cardui</span> <span class='ocrx_word' id='word_1_153' title='bbox 925 2108 1106 2190; x_wconf 90' lang='lat' dir='ltr'>ponuntur:</span> 
     </span>
    </p>

    <p class='ocr_par' dir='ltr' id='par_1_6' title="bbox 47 2192 1184 2547">
     <span class='ocr_line' id='line_1_21' title="bbox 47 2192 1184 2285; baseline -0.004 -25"><span class='ocrx_word' id='word_1_154' title='bbox 47 2222 72 2260; x_wconf 80' lang='lat' dir='ltr'>ao</span> <span class='ocrx_word' id='word_1_155' title='bbox 87 2221 172 2285; x_wconf 89' lang='lat' dir='ltr'>quas</span> <span class='ocrx_word' id='word_1_156' title='bbox 197 2219 271 2264; x_wconf 90' lang='lat' dir='ltr'>cum</span> <span class='ocrx_word' id='word_1_157' title='bbox 293 2219 465 2282; x_wconf 89' lang='lat' dir='ltr'>ponemus,</span> <span class='ocrx_word' id='word_1_158' title='bbox 493 2197 619 2262; x_wconf 87' lang='lat' dir='ltr'>radices</span> <span class='ocrx_word' id='word_1_159' title='bbox 643 2217 754 2261; x_wconf 83' lang='lat' dir='ltr'>aarum</span> <span class='ocrx_word' id='word_1_160' title='bbox 781 2215 924 2258; x_wconf 92' lang='lat' dir='ltr'>summas</span> <span class='ocrx_word' id='word_1_161' title='bbox 948 2192 1034 2258; x_wconf 90' lang='lat' dir='ltr'>ferro</span> <span class='ocrx_word' id='word_1_162' title='bbox 1058 2215 1106 2257; x_wconf 92' lang='lat' dir='ltr'>re·</span> <span class='ocrx_word' id='word_1_163' title='bbox 1183 2223 1184 2236; x_wconf 25' lang='grc' dir='ltr'><strong>κ</strong></span> 
     </span>
     <span class='ocr_line' id='line_1_22' title="bbox 89 2281 1106 2371; baseline -0.009 -17"><span class='ocrx_word' id='word_1_164' title='bbox 89 2309 242 2355; x_wconf 86' lang='lat' dir='ltr'>secamus</span> <span class='ocrx_word' id='word_1_165' title='bbox 275 2308 312 2352; x_wconf 92' lang='lat' dir='ltr'>ac</span> <span class='ocrx_word' id='word_1_166' title='bbox 344 2287 422 2351; x_wconf 90' lang='lat' dir='ltr'>fimo</span> <span class='ocrx_word' id='word_1_167' title='bbox 455 2285 652 2371; x_wconf 86' lang='lat' dir='ltr'>tinguimus:</span> <span class='ocrx_word' id='word_1_168' title='bbox 683 2289 814 2348; x_wconf 87' lang='lat' dir='ltr'>ternum</span> <span class='ocrx_word' id='word_1_169' title='bbox 846 2281 965 2366; x_wconf 90' lang='lat' dir='ltr'>pedum</span> <span class='ocrx_word' id='word_1_170' title='bbox 999 2281 1106 2366; x_wconf 88' lang='lat' dir='ltr'>spatio</span> 
     </span>
     <span class='ocr_line' id='line_1_23' title="bbox 88 2371 1105 2462; baseline -0.01 -18"><span class='ocrx_word' id='word_1_171' title='bbox 88 2398 282 2462; x_wconf 89' lang='lat' dir='ltr'>separamus</span> <span class='ocrx_word' id='word_1_172' title='bbox 310 2374 503 2440; x_wconf 86' lang='lat' dir='ltr'>incrementi</span> <span class='ocrx_word' id='word_1_173' title='bbox 531 2395 630 2439; x_wconf 88' lang='lat' dir='ltr'>causa</span> <span class='ocrx_word' id='word_1_174' title='bbox 656 2372 764 2459; x_wconf 86' lang='lat' dir='ltr'>pedali</span> <span class='ocrx_word' id='word_1_175' title='bbox 792 2372 906 2437; x_wconf 88' lang='lat' dir='ltr'>scrobe</span> <span class='ocrx_word' id='word_1_176' title='bbox 938 2371 1105 2455; x_wconf 89' lang='lat' dir='ltr'>depositas</span> 
     </span>
     <span class='ocr_line' id='line_1_24' title="bbox 87 2459 1106 2547; baseline -0.008 -16"><span class='ocrx_word' id='word_1_177' title='bbox 87 2467 187 2532; x_wconf 91' lang='lat' dir='ltr'>binas</span> <span class='ocrx_word' id='word_1_178' title='bbox 216 2469 274 2530; x_wconf 92' lang='lat' dir='ltr'>aut</span> <span class='ocrx_word' id='word_1_179' title='bbox 301 2469 422 2529; x_wconf 90' lang='lat' dir='ltr'>ternas.</span> <span class='ocrx_word' id='word_1_180' title='bbox 469 2464 609 2528; x_wconf 91' lang='lat' dir='ltr'>cinerem</span> <span class='ocrx_word' id='word_1_181' title='bbox 639 2484 734 2547; x_wconf 89' lang='lat' dir='ltr'>saepe</span> <span class='ocrx_word' id='word_1_182' title='bbox 763 2461 824 2526; x_wconf 92' lang='lat' dir='ltr'>sub</span> <span class='ocrx_word' id='word_1_183' title='bbox 855 2461 962 2526; x_wconf 91' lang='lat' dir='ltr'>hieme</span> <span class='ocrx_word' id='word_1_184' title='bbox 993 2459 1106 2524; x_wconf 88' lang='lat' dir='ltr'>diebus</span> 
     </span>
    </p>

    <p class='ocr_par' dir='ltr' id='par_1_7' title="bbox 47 2549 1152 2905">
     <span class='ocr_line' id='line_1_25' title="bbox 89 2549 1152 2638; baseline -0.008 -17"><span class='ocrx_word' id='word_1_185' title='bbox 89 2555 188 2622; x_wconf 91' lang='lat' dir='ltr'>siccis</span> <span class='ocrx_word' id='word_1_186' title='bbox 212 2554 389 2638; x_wconf 88' lang='lat' dir='ltr'>fimumque</span> <span class='ocrx_word' id='word_1_187' title='bbox 413 2551 631 2618; x_wconf 91' lang='lat' dir='ltr'>miscebimus.</span> <span class='ocrx_word' id='word_1_188' title='bbox 672 2551 736 2616; x_wconf 89' lang='lat' dir='ltr'>hoo</span> <span class='ocrx_word' id='word_1_189' title='bbox 759 2572 868 2615; x_wconf 90' lang='lat' dir='ltr'>mense</span> <span class='ocrx_word' id='word_1_190' title='bbox 893 2549 999 2633; x_wconf 90' lang='lat' dir='ltr'>sinapi</span> <span class='ocrx_word' id='word_1_191' title='bbox 1023 2549 1152 2614; x_wconf 77' lang='lat' dir='ltr'>sere-2</span> 
     </span>
     <span class='ocr_line' id='line_1_26' title="bbox 47 2639 1109 2727; baseline -0.008 -16"><span class='ocrx_word' id='word_1_192' title='bbox 47 2661 74 2702; x_wconf 78' lang='lat'>25</span> <span class='ocrx_word' id='word_1_193' title='bbox 89 2667 174 2710; x_wconf 90' lang='lat' dir='ltr'>mus.</span> <span class='ocrx_word' id='word_1_194' title='bbox 221 2647 343 2708; x_wconf 87' lang='lat' dir='ltr'>terram</span> <span class='ocrx_word' id='word_1_195' title='bbox 372 2641 481 2727; x_wconf 84' lang='lat' dir='ltr'>diligit</span> <span class='ocrx_word' id='word_1_196' title='bbox 509 2645 635 2706; x_wconf 86' lang='lat' dir='ltr'>aratam</span> <span class='ocrx_word' id='word_1_197' title='bbox 661 2644 707 2725; x_wconf 91' lang='lat' dir='ltr'>et,</span> <span class='ocrx_word' id='word_1_198' title='bbox 735 2639 764 2704; x_wconf 89' lang='lat' dir='ltr'>si</span> <span class='ocrx_word' id='word_1_199' title='bbox 786 2639 858 2704; x_wconf 88' lang='lat' dir='ltr'>fieri</span> <span class='ocrx_word' id='word_1_200' title='bbox 881 2641 1007 2723; x_wconf 88' lang='lat' dir='ltr'>potest,</span> <span class='ocrx_word' id='word_1_201' title='bbox 1035 2660 1109 2703; x_wconf 88' lang='lat' dir='ltr'>con·</span> 
     </span>
     <span class='ocr_line' id='line_1_27' title="bbox 90 2726 1110 2820; baseline -0.009 -21"><span class='ocrx_word' id='word_1_202' title='bbox 90 2732 282 2820; x_wconf 87' lang='lat' dir='ltr'>gesticiam,</span> <span class='ocrx_word' id='word_1_203' title='bbox 319 2731 469 2816; x_wconf 87' lang='lat' dir='ltr'>quamuis</span> <span class='ocrx_word' id='word_1_204' title='bbox 506 2730 700 2814; x_wconf 88' lang='lat' dir='ltr'>ubicumque</span> <span class='ocrx_word' id='word_1_205' title='bbox 735 2731 899 2793; x_wconf 87' lang='lat' dir='ltr'>nascatur.</span> <span class='ocrx_word' id='word_1_206' title='bbox 953 2726 1110 2791; x_wconf 83' lang='lat' dir='ltr'>sarculari</span> 
     </span>
     <span class='ocr_line' id='line_1_28' title="bbox 91 2815 1109 2905; baseline -0.008 -19"><span class='ocrx_word' id='word_1_207' title='bbox 91 2822 192 2889; x_wconf 91' lang='lat' dir='ltr'>debet</span> <span class='ocrx_word' id='word_1_208' title='bbox 220 2821 365 2904; x_wconf 86' lang='lat' dir='ltr'>adsidue,</span> <span class='ocrx_word' id='word_1_209' title='bbox 395 2824 433 2884; x_wconf 88' lang='lat' dir='ltr'>ut</span> <span class='ocrx_word' id='word_1_210' title='bbox 461 2823 671 2905; x_wconf 86' lang='lat' dir='ltr'>respergatur</span> <span class='ocrx_word' id='word_1_211' title='bbox 698 2817 846 2903; x_wconf 91' lang='lat' dir='ltr'>puluere,</span> <span class='ocrx_word' id='word_1_212' title='bbox 877 2837 941 2901; x_wconf 93' lang='lat' dir='ltr'>quo</span> <span class='ocrx_word' id='word_1_213' title='bbox 969 2815 1109 2879; x_wconf 83' lang='lat' dir='ltr'>sonetur.</span> 
     </span>
    </p>
   </div>
   <div class='ocr_carea' id='block_1_6' title="bbox 92 2971 1110 3619">
    <p class='ocr_par' dir='ltr' id='par_1_8' title="bbox 92 2971 1110 3619">
     <span class='ocr_line' id='line_1_29' title="bbox 168 2971 1110 3046; baseline -0.007 -15"><span class='ocrx_word' id='word_1_214' title='bbox 168 2977 238 3031; x_wconf 90' lang='lat' dir='ltr'>1ibi</span> <span class='ocrx_word' id='word_1_215' title='bbox 253 2977 344 3032; x_wconf 87' lang='lat' dir='ltr'>uirtus</span> <span class='ocrx_word' id='word_1_216' title='bbox 359 2976 450 3046; x_wconf 88' lang='lat' dir='ltr'>putris</span> <span class='ocrx_word' id='word_1_217' title='bbox 467 2977 522 3031; x_wconf 82' lang='lat' dir='ltr'>SE</span> <span class='ocrx_word' id='word_1_218' title='bbox 534 2979 572 3045; x_wconf 83' lang='grc'>113</span> <span class='ocrx_word' id='word_1_219' title='bbox 590 2975 712 3030; x_wconf 87' lang='lat' dir='ltr'>eandam</span> <span class='ocrx_word' id='word_1_220' title='bbox 723 2975 786 3028; x_wconf 91' lang='lat' dir='ltr'>PV</span> <span class='ocrx_word' id='word_1_221' title='bbox 804 2973 807 3045; x_wconf 76' lang='lat' dir='ltr'>l</span> <span class='ocrx_word' id='word_1_222' title='bbox 827 2971 919 3026; x_wconf 87' lang='lat' dir='ltr'>mittis</span> <span class='ocrx_word' id='word_1_223' title='bbox 933 2986 1023 3025; x_wconf 78' lang='lat' dir='ltr'>omues</span> <span class='ocrx_word' id='word_1_224' title='bbox 1039 2971 1043 3040; x_wconf 82' lang='grc' dir='ltr'>Ι</span> <span class='ocrx_word' id='word_1_225' title='bbox 1059 2986 1110 3040; x_wconf 88' lang='lat' dir='ltr'>pro</span> 
     </span>
     <span class='ocr_line' id='line_1_30' title="bbox 92 3040 1085 3118; baseline -0.008 -14"><span class='ocrx_word' id='word_1_226' title='bbox 92 3051 193 3104; x_wconf 89' lang='lat' dir='ltr'>decem</span> <span class='ocrx_word' id='word_1_227' title='bbox 213 3047 315 3104; x_wconf 86' lang='lat' dir='ltr'>modiis</span> <span class='ocrx_word' id='word_1_228' title='bbox 332 3048 362 3102; x_wconf 82' lang='lat' dir='ltr'><em>E</em></span> <span class='ocrx_word' id='word_1_229' title='bbox 374 3050 384 3118; x_wconf 78' lang='grc' dir='ltr'>ΙΙ</span> <span class='ocrx_word' id='word_1_230' title='bbox 400 3055 418 3102; x_wconf 86' lang='grc'>4</span> <span class='ocrx_word' id='word_1_231' title='bbox 436 3047 535 3101; x_wconf 88' lang='lat' dir='ltr'>molles</span> <span class='ocrx_word' id='word_1_232' title='bbox 556 3045 623 3101; x_wconf 88' lang='lat' dir='ltr'>salis</span> <span class='ocrx_word' id='word_1_233' title='bbox 639 3048 677 3116; x_wconf 87' lang='lat' dir='ltr'>E,</span> <span class='ocrx_word' id='word_1_234' title='bbox 695 3044 778 3100; x_wconf 88' lang='lat' dir='ltr'>molis</span> <span class='ocrx_word' id='word_1_235' title='bbox 799 3045 879 3098; x_wconf 70' lang='lat' dir='ltr'>ceteri</span> <span class='ocrx_word' id='word_1_236' title='bbox 894 3045 898 3112; x_wconf 88' lang='grc' dir='ltr'>Ι</span> <span class='ocrx_word' id='word_1_237' title='bbox 919 3040 1044 3095; x_wconf 88' lang='lat' dir='ltr'>sallitam</span> <span class='ocrx_word' id='word_1_238' title='bbox 1063 3042 1085 3096; x_wconf 80' lang='lat' dir='ltr'><strong><em>S</em></strong></span> 
     </span>
     <span class='ocr_line' id='line_1_31' title="bbox 93 3113 1090 3191; baseline -0.011 -15"><span class='ocrx_word' id='word_1_239' title='bbox 93 3129 109 3176; x_wconf 87' lang='grc'><strong>6</strong></span> <span class='ocrx_word' id='word_1_240' title='bbox 132 3120 243 3191; x_wconf 84' lang='lat' dir='ltr'>saporis</span> <span class='ocrx_word' id='word_1_241' title='bbox 261 3120 287 3174; x_wconf 89' lang='lat' dir='ltr'><strong><em>V</em></strong></span> <span class='ocrx_word' id='word_1_242' title='bbox 310 3122 314 3188; x_wconf 91' lang='grc' dir='ltr'>Ι</span> <span class='ocrx_word' id='word_1_243' title='bbox 339 3118 501 3188; x_wconf 84' lang='lat' dir='ltr'>incipietE</span> <span class='ocrx_word' id='word_1_244' title='bbox 521 3120 531 3186; x_wconf 75' lang='grc'>11</span> <span class='ocrx_word' id='word_1_245' title='bbox 555 3124 569 3171; x_wconf 80' lang='grc'><strong>7</strong></span> <span class='ocrx_word' id='word_1_246' title='bbox 594 3133 692 3187; x_wconf 85' lang='lat' dir='ltr'>sapore</span> <span class='ocrx_word' id='word_1_247' title='bbox 716 3115 783 3170; x_wconf 85' lang='lat' dir='ltr'>salis</span> <span class='ocrx_word' id='word_1_248' title='bbox 801 3115 833 3169; x_wconf 82' lang='lat' dir='ltr'><em>E</em></span> <span class='ocrx_word' id='word_1_249' title='bbox 853 3116 863 3184; x_wconf 71' lang='lat' dir='ltr'>ll</span> <span class='ocrx_word' id='word_1_250' title='bbox 886 3120 918 3167; x_wconf 90' lang='lat'>10</span> <span class='ocrx_word' id='word_1_251' title='bbox 942 3129 1042 3182; x_wconf 90' lang='lat' dir='ltr'>sapore</span> <span class='ocrx_word' id='word_1_252' title='bbox 1063 3113 1090 3166; x_wconf 89' lang='lat' dir='ltr'><strong><em>V</em></strong></span> 
     </span>
     <span class='ocr_line' id='line_1_32' title="bbox 95 3184 1110 3260; baseline -0.01 -12"><span class='ocrx_word' id='word_1_253' title='bbox 95 3200 129 3248; x_wconf 85' lang='lat'>14</span> <span class='ocrx_word' id='word_1_254' title='bbox 149 3191 243 3247; x_wconf 91' lang='lat' dir='ltr'>intiba</span> <span class='ocrx_word' id='word_1_255' title='bbox 261 3190 477 3246; x_wconf 78' lang='lat' dir='ltr'><strong><em>PLVGSET</em></strong></span> <span class='ocrx_word' id='word_1_256' title='bbox 503 3191 507 3260; x_wconf 90' lang='grc' dir='ltr'>Ι</span> <span class='ocrx_word' id='word_1_257' title='bbox 537 3187 629 3242; x_wconf 88' lang='lat' dir='ltr'>hieme</span> <span class='ocrx_word' id='word_1_258' title='bbox 647 3189 700 3242; x_wconf 84' lang='lat' dir='ltr'>Ec</span> <span class='ocrx_word' id='word_1_259' title='bbox 726 3190 735 3257; x_wconf 75' lang='grc'>11</span> <span class='ocrx_word' id='word_1_260' title='bbox 764 3191 797 3240; x_wconf 79' lang='lat'>15</span> <span class='ocrx_word' id='word_1_261' title='bbox 811 3186 907 3238; x_wconf 88' lang='lat' dir='ltr'>Arena</span> <span class='ocrx_word' id='word_1_262' title='bbox 923 3185 953 3252; x_wconf 82' lang='grc' dir='ltr'>Τ,</span> <span class='ocrx_word' id='word_1_263' title='bbox 977 3184 1110 3238; x_wconf 86' lang='lat' dir='ltr'>Arenosis</span> 
     </span>
     <span class='ocr_line' id='line_1_33' title="bbox 94 3256 1110 3336; baseline -0.01 -16"><span class='ocrx_word' id='word_1_264' title='bbox 94 3282 173 3336; x_wconf 75' lang='lat' dir='ltr'>ceps</span> <span class='ocrx_word' id='word_1_265' title='bbox 187 3267 197 3334; x_wconf 84' lang='grc' dir='ltr'>ΙΙ</span> <span class='ocrx_word' id='word_1_266' title='bbox 212 3269 245 3316; x_wconf 78' lang='grc'>17</span> <span class='ocrx_word' id='word_1_267' title='bbox 261 3265 290 3317; x_wconf 89' lang='lat' dir='ltr'>et</span> <span class='ocrx_word' id='word_1_268' title='bbox 304 3262 411 3317; x_wconf 82' lang='lat' dir='ltr'>areaE</span> <span class='ocrx_word' id='word_1_269' title='bbox 421 3264 431 3332; x_wconf 74' lang='lat' dir='ltr'>ll</span> <span class='ocrx_word' id='word_1_270' title='bbox 446 3265 478 3314; x_wconf 83' lang='lat'>19</span> <span class='ocrx_word' id='word_1_271' title='bbox 493 3260 575 3314; x_wconf 88' lang='lat' dir='ltr'>Nunc</span> <span class='ocrx_word' id='word_1_272' title='bbox 589 3260 725 3330; x_wconf 77' lang='lat' dir='ltr'>FGc&#39;cpa</span> <span class='ocrx_word' id='word_1_273' title='bbox 739 3261 748 3328; x_wconf 88' lang='grc' dir='ltr'>ΙΙ</span> <span class='ocrx_word' id='word_1_274' title='bbox 762 3262 796 3310; x_wconf 88' lang='grc'>20</span> <span class='ocrx_word' id='word_1_275' title='bbox 811 3271 999 3336; x_wconf 82' lang='lat' dir='ltr'>conponemus</span> <span class='ocrx_word' id='word_1_276' title='bbox 1010 3256 1110 3324; x_wconf 87' lang='lat' dir='ltr'>PVF,</span> 
     </span>
     <span class='ocr_line' id='line_1_34' title="bbox 95 3326 1110 3406; baseline -0.012 -14"><span class='ocrx_word' id='word_1_277' title='bbox 95 3350 294 3406; x_wconf 88' lang='lat' dir='ltr'>componemus</span> <span class='ocrx_word' id='word_1_278' title='bbox 317 3334 373 3390; x_wconf 80' lang='lat' dir='ltr'>SE</span> <span class='ocrx_word' id='word_1_279' title='bbox 395 3335 405 3403; x_wconf 92' lang='lat' dir='ltr'>l</span> <span class='ocrx_word' id='word_1_280' title='bbox 439 3338 471 3385; x_wconf 88' lang='grc'>21</span> <span class='ocrx_word' id='word_1_281' title='bbox 496 3334 546 3386; x_wconf 89' lang='lat' dir='ltr'>aut</span> <span class='ocrx_word' id='word_1_282' title='bbox 565 3348 618 3400; x_wconf 78' lang='lat' dir='ltr'>pro</span> <span class='ocrx_word' id='word_1_283' title='bbox 642 3346 676 3384; x_wconf 88' lang='lat' dir='ltr'>ac</span> <span class='ocrx_word' id='word_1_284' title='bbox 696 3330 722 3384; x_wconf 80' lang='lat' dir='ltr'><strong><em>G</em></strong></span> <span class='ocrx_word' id='word_1_285' title='bbox 753 3331 757 3397; x_wconf 93' lang='grc' dir='ltr'>Ι</span> <span class='ocrx_word' id='word_1_286' title='bbox 790 3326 926 3397; x_wconf 79' lang='lat' dir='ltr'>tingimus</span> <span class='ocrx_word' id='word_1_287' title='bbox 944 3327 1110 3396; x_wconf 63' lang='lat' dir='ltr'>Mesopo,</span> 
     </span>
     <span class='ocr_line' id='line_1_35' title="bbox 94 3397 1087 3479; baseline -0.014 -16"><span class='ocrx_word' id='word_1_288' title='bbox 94 3407 240 3479; x_wconf 80' lang='lat' dir='ltr'>tangimus</span> <span class='ocrx_word' id='word_1_289' title='bbox 259 3406 296 3473; x_wconf 82' lang='lat' dir='ltr'>E,</span> <span class='ocrx_word' id='word_1_290' title='bbox 315 3408 442 3475; x_wconf 87' lang='lat' dir='ltr'>tegemus</span> <span class='ocrx_word' id='word_1_291' title='bbox 461 3404 488 3456; x_wconf 92' lang='lat' dir='ltr'><strong><em>V</em></strong></span> <span class='ocrx_word' id='word_1_292' title='bbox 514 3405 518 3472; x_wconf 83' lang='grc' dir='ltr'>Ι</span> <span class='ocrx_word' id='word_1_293' title='bbox 570 3403 654 3456; x_wconf 89' lang='lat' dir='ltr'>edum</span> <span class='ocrx_word' id='word_1_294' title='bbox 672 3417 722 3455; x_wconf 83' lang='lat' dir='ltr'>om.</span> <span class='ocrx_word' id='word_1_295' title='bbox 742 3399 768 3454; x_wconf 78' lang='lat' dir='ltr'><strong><em>G</em></strong></span> <span class='ocrx_word' id='word_1_296' title='bbox 790 3400 800 3468; x_wconf 78' lang='lat' dir='ltr'>{l</span> <span class='ocrx_word' id='word_1_297' title='bbox 827 3404 861 3451; x_wconf 88' lang='grc'>22</span> <span class='ocrx_word' id='word_1_298' title='bbox 881 3413 1040 3468; x_wconf 87' lang='lat' dir='ltr'>separemus</span> <span class='ocrx_word' id='word_1_299' title='bbox 1060 3397 1087 3450; x_wconf 94' lang='lat' dir='ltr'><strong><em>V</em></strong></span> 
     </span>
     <span class='ocr_line' id='line_1_36' title="bbox 96 3468 1087 3547; baseline -0.013 -14"><span class='ocrx_word' id='word_1_300' title='bbox 96 3487 130 3535; x_wconf 84' lang='grc'>24</span> <span class='ocrx_word' id='word_1_301' title='bbox 148 3477 282 3534; x_wconf 89' lang='lat' dir='ltr'>miscebis</span> <span class='ocrx_word' id='word_1_302' title='bbox 299 3476 325 3531; x_wconf 78' lang='lat' dir='ltr'><strong><em>G</em></strong></span> <span class='ocrx_word' id='word_1_303' title='bbox 340 3479 344 3547; x_wconf 84' lang='grc' dir='ltr'>Ι</span> <span class='ocrx_word' id='word_1_304' title='bbox 361 3474 459 3544; x_wconf 87' lang='lat' dir='ltr'>senapi</span> <span class='ocrx_word' id='word_1_305' title='bbox 471 3475 529 3529; x_wconf 88' lang='lat' dir='ltr'>PL</span> <span class='ocrx_word' id='word_1_306' title='bbox 563 3518 570 3543; x_wconf 88' lang='lat'>,</span> <span class='ocrx_word' id='word_1_307' title='bbox 590 3471 712 3542; x_wconf 87' lang='lat' dir='ltr'>sinapim</span> <span class='ocrx_word' id='word_1_308' title='bbox 730 3470 890 3540; x_wconf 76' lang='lat' dir='ltr'>STa&#39;ccps,</span> <span class='ocrx_word' id='word_1_309' title='bbox 910 3468 1038 3537; x_wconf 88' lang='lat' dir='ltr'>sinapem</span> <span class='ocrx_word' id='word_1_310' title='bbox 1055 3468 1087 3521; x_wconf 93' lang='grc' dir='ltr'><em>Ε</em></span> 
     </span>
     <span class='ocr_line' id='line_1_37' title="bbox 96 3544 658 3619; baseline -0.012 -15"><span class='ocrx_word' id='word_1_311' title='bbox 96 3557 130 3606; x_wconf 81' lang='grc'>25</span> <span class='ocrx_word' id='word_1_312' title='bbox 150 3551 278 3606; x_wconf 85' lang='lat' dir='ltr'>arentem</span> <span class='ocrx_word' id='word_1_313' title='bbox 296 3549 328 3602; x_wconf 91' lang='grc' dir='ltr'><em>Ε</em></span> <span class='ocrx_word' id='word_1_314' title='bbox 338 3549 348 3619; x_wconf 77' lang='lat' dir='ltr'>ll</span> <span class='ocrx_word' id='word_1_315' title='bbox 362 3553 395 3601; x_wconf 79' lang='grc'>27</span> <span class='ocrx_word' id='word_1_316' title='bbox 414 3547 596 3616; x_wconf 87' lang='lat' dir='ltr'>respargatur</span> <span class='ocrx_word' id='word_1_317' title='bbox 616 3544 658 3598; x_wconf 78' lang='lat' dir='ltr'>Gi</span> 
     </span>
    </p>
   </div>
   <div class='ocr_carea' id='block_1_7' title="bbox 0 0 1299 3942">
    <p class='ocr_par' dir='ltr' id='par_1_9' title="bbox 0 0 1299 3942">
     <span class='ocr_line' id='line_1_38' title="bbox 0 0 1299 3942; baseline 0 0"><span class='ocrx_word' id='word_1_318' title='bbox 0 0 1299 3942; x_wconf 95' lang='lat' dir='ltr'> </span> 
     </span>
    </p>
   </div>
  </div>
 </body>
</html>
