2538 3942
482 184 724 240 semem-2
818 127 828 146 ’
1048 184 1110 252 151

93 355 135 397 ex
164 330 287 396 olineto
316 331 417 396 insito
447 335 480 396 et
507 353 584 396 casu
607 330 739 394 incenso
763 330 944 395 renascitur
968 331 1110 396 oleaster

91 420 223 502 infelix,
257 421 304 486 sic
335 421 572 505 prouidendum
599 423 658 484 est.
704 417 822 502 positis
852 419 943 503 prius
975 419 1109 484 oleastri

92 509 260 575 bracchiis
283 509 317 574 in
340 510 464 592 scrobe,
487 509 522 573 in
541 531 605 592 qua
623 509 831 592 disponemus
850 507 1001 587 inserere,
1024 529 1111 574 scro-

93 601 154 664 bes
179 597 227 662 ita
250 598 456 682 replebimus,
480 602 517 662 ut
540 597 664 661 mediae
688 619 807 662 uacuae
827 597 902 662 sint.
940 619 1013 662 cum
1034 619 1109 662 con·
1133 597 1155 660 2

64 686 305 772 eprehenderit
328 687 477 769 oleaster,
500 687 679 751 inseremus
704 686 738 749 in
761 684 873 750 infimo
896 686 949 750 uel
973 686 1110 750 insitum

91 797 267 862 ponemus:
300 780 333 840 et
366 775 556 842 insitionem
588 796 689 858 prope
721 773 807 838 infra
839 778 961 840 terram
989 775 1111 838 nutrie-

92 887 179 930 mus.
225 863 338 930 deinde
368 865 453 930 sicut
481 862 650 944 adolescit,
678 867 799 927 terram
823 863 959 928 subinde
983 862 1109 948 colligi-

91 976 179 1019 mus.
224 953 272 1017 ita
300 954 502 1019 conmissura
533 953 568 1017 in
600 952 761 1036 profundo
794 952 930 1037 latente,
962 951 1109 1036 quisquis

92 1047 170 1108 uret
193 1047 249 1106 aut
273 1043 393 1125 caedet,
417 1040 523 1106 oliuae
547 1041 656 1106 locum
678 1062 745 1106 non
769 1041 894 1106 auferet
914 1040 1109 1124 pullulandi:

49 1153 180 1216 requae
208 1135 242 1195 et
270 1135 416 1215 apertam
445 1130 598 1195 redeundi
625 1129 816 1195 felicitatem
844 1130 883 1194 de
907 1129 979 1195 olea
1002 1133 1035 1194 et
1059 1150 1110 1196 oc·

92 1221 220 1286 cultam
241 1219 372 1285 ualendi
394 1219 600 1284 feracitatem
622 1219 661 1282 de
685 1218 819 1282 oleastri
842 1219 1040 1284 connexione
1059 1239 1110 1282 re-

91 1308 224 1374 tinebit.
274 1308 376 1393 aliqui
408 1309 497 1373 oleas
528 1309 563 1372 in
594 1306 758 1371 radicibus
790 1307 938 1372 inserunt
971 1309 1017 1390 et,
1049 1307 1152 1371 ubi3

92 1397 396 1482 conprehenderint‚
420 1419 493 1462 cum
518 1397 628 1480 aliqua
649 1400 743 1480 parte
768 1396 885 1460 radicis
909 1396 1056 1462 auellunt
1075 1401 1108 1461 et

91 1487 298 1552 transferunt
321 1507 410 1550 more
433 1486 627 1569 plantarum.
673 1483 790 1550 Graeci
813 1485 901 1550 oleas
925 1486 966 1550 ab
991 1489 1108 1550 octauo

49 1603 77 1643 rs
93 1575 302 1640 calendarum
330 1575 482 1658 aprilium
505 1575 556 1638 die
579 1595 681 1657 usque
704 1573 739 1637 in
761 1573 861 1639 tertio
885 1595 987 1639 nonas
1011 1574 1108 1638 iulias

91 1664 196 1729 inseri
219 1664 335 1728 debere
358 1661 574 1748 praecipiunt,
602 1662 650 1727 ita
677 1667 715 1726 nt
737 1661 818 1727 locis
841 1661 970 1748 frigidis
994 1663 1108 1746 serius,

92 1752 211 1819 calidis
238 1753 398 1817 maturius
425 1752 620 1816 inserantur.
665 1749 746 1816 loeis
774 1750 998 1836 frigidissimis
1022 1774 1108 1816 nunc

91 1842 264 1908 uinearum
291 1841 393 1906 fossio
424 1845 497 1906 ante
530 1840 603 1905 idus
635 1841 820 1924 peragenda
848 1844 898 1904 est
925 1844 958 1904 et
987 1840 1015 1904 si
1045 1861 1108 1924 qua

92 1932 134 1996 de
167 1931 285 1994 martio
317 1951 427 1995 mense
460 1932 594 1995 restant.
644 1929 729 1993 uites
764 1950 892 2012 quoque
925 1926 1107 1994 inserimus.

50 2049 78 2086 1ο
94 2019 283 2102 seminaria,
308 2041 389 2103 qnae
413 2023 490 2083 sunt
514 2023 589 2083 ante
613 2018 716 2100 faeta,
738 2017 848 2082 herbis
871 2017 1049 2083 liberentur
1073 2023 1107 2082 et
1129 2021 1151 2081 4

92 2109 213 2173 leuiter
237 2107 532 2174 circumfodientur.
569 2128 654 2172 nunc
677 2105 757 2172 locis
782 2106 988 2170 mediocriter
1012 2106 1106 2171 siccis

94 2197 225 2262 milium
243 2199 380 2262 serimus
399 2201 433 2261 et
450 2197 609 2280 panicum.
643 2194 706 2260 hoc
721 2217 830 2260 mense
846 2195 984 2280 pingues
999 2194 1106 2278 campi

93 2291 128 2351 et
156 2286 241 2370 agri,
279 2287 335 2370 qui
362 2284 418 2350 diu
446 2307 564 2368 aquam
592 2288 717 2362 tenent,
750 2283 1001 2367 proscinduntur
1031 2289 1107 2367 post

92 2377 184 2456 idus,
222 2397 294 2440 oum
329 2379 362 2439 et
394 2395 506 2439 omnes
538 2373 655 2438 herbas
688 2372 897 2456 protulerunt
930 2376 963 2436 et
995 2394 1108 2437 earum

52 2491 78 2531 11
92 2463 221 2530 semina
243 2464 386 2528 nondum
410 2463 599 2528 maturitate
622 2463 755 2526 firmata
778 2466 862 2525 sunt.

169 2644 183 2691 1
204 2637 326 2692 oleastro
345 2637 373 2692 V
391 2640 400 2707 ΙΙ
424 2643 440 2690 6
458 2635 591 2690 insitione
610 2637 642 2689 E
668 2637 673 2706 l
697 2634 772 2689 infra
789 2652 876 2705 prope
896 2636 922 2688 V
946 2638 955 2706 ll
983 2642 998 2689 8
1018 2635 1108 2690 laten-

92 2714 153 2764 tem
168 2708 193 2761 V
207 2711 246 2778 119
266 2707 323 2762 urit
342 2711 392 2762 aut
411 2707 505 2762 caedit
522 2706 619 2778 (cedit)
634 2724 723 2762 omnes
739 2709 744 2778 1
760 2706 869 2761 adferet
888 2707 919 2774 V,
940 2706 1057 2761 aufferet
1070 2708 1107 2775 E,

93 2781 190 2835 aufert
213 2780 339 2851 Giacps
369 2781 372 2850 Ι
401 2779 608 2849 pillulandique
627 2779 654 2833 V
677 2782 687 2848 ΙΙ
716 2784 749 2832 10
768 2778 803 2832 de
822 2777 1108 2833 olea—feracitatem

92 2848 1109 2922 01116101111111ΕΙΙ11011111111Ε1114ΓΡΗΚ1ῙΕ11110110111

94 2929 128 2976 15
138 2921 282 2976 Kalendas
293 2921 396 2992 apriles
406 2923 424 2987 1,
436 2921 573 2976 Calendas
584 2920 717 3002 Aprilcsa
733 2924 737 2991 Ι
753 2920 783 2974 in
793 2919 909 2975 tertium
921 2920 1064 2989 Ganys,
1078 2918 1109 2972 in

90 2995 139 3048 111.
155 2995 219 3047 ET
228 2994 231 3065 Ι
243 2992 306 3047 iulii
320 2995 382 3048 ΕΤ
405 2992 550 3047 Nonarum
563 2992 629 3046 Iuhi
640 2991 717 3065 acpll
737 2999 770 3047 16
784 2991 814 3045 in
827 2991 897 3046 locis
912 2990 987 3062 11111
1002 2989 1107 3044 insera-

91 3069 140 3120 tur
160 3064 375 3135 PLQSFGE
396 3067 400 3133 Ι
420 3069 453 3117 18
474 3080 546 3132 qnae
567 3064 593 3118 G
607 3065 615 3134 ll
635 3069 668 3116 19
691 3064 841 3117 restabunt
859 3063 937 3129 SEs,
961 3062 1109 3116 restabant

92 3138 174 3192 ceteri
188 3143 299 3205 praeter
317 3137 363 3205 Vp
387 3137 390 3207 1
415 3135 572 3203 restabunt,
589 3135 663 3189 uites
686 3152 699 3190 s
726 3137 734 3204 ΙΙ
763 3140 796 3188 20
821 3131 971 3187 seminaria
994 3135 1109 3206 01111111

92 3215 126 3261 21
156 3206 259 3261 leniter
280 3224 316 3278 pa
342 3210 351 3276 ΙΙ
380 3213 413 3260 22
441 3207 561 3260 multum
588 3205 698 3259 milium
721 3207 733 3259 1
762 3207 766 3276 Ι
796 3219 918 3259 seremus
937 3205 967 3257 E
996 3206 999 3276 1
1029 3205 1109 3275 pani-

92 3279 167 3332 tium
191 3296 217 3346 s,
245 3277 389 3347 panicium
415 3278 446 3331 E
467 3281 476 3347 ΙΙ
499 3283 533 3330 23
560 3276 779 3347 proscinduntur
805 3278 817 3329 1
843 3277 852 3346 ll
880 3281 914 3329 24
940 3275 1110 3345 protulerint

95 3351 275 3421 QSETecp
