2518 3938
514 229 632 286 AGRIC.
647 230 711 284 XIII
724 167 809 285 4-7Ι
1093 232 1159 298 259

148 447 208 516 DII
226 446 409 515 EOHINIS
427 446 486 512 ΕΤ
503 446 665 513 PERNIS
684 447 742 512 ET
756 445 906 512 LARDO
922 445 1086 515 SALIEN
1087 447 1158 515 DIS
1239 397 1241 403 V

263 553 321 619 ΕΤ
344 552 493 620 AVIVM
516 552 707 631 LAQVEIS
731 551 1041 622 DISPONENDIS.

209 676 308 744 Nunc
326 678 434 762 etiam,
457 678 576 763 quibus
594 677 674 743 litus
692 679 727 742 in
745 678 854 744 fructu
873 683 932 763 est,
954 679 1012 744 ubi
1030 681 1125 747 lunae
1159 680 1209 748 VI

140 768 266 833 iuuerit
294 771 520 853 augmentum,
553 789 634 852 quae
669 769 814 833 omnium
841 768 1026 834 clausorum
1056 771 1155 835 maris

100 885 113 926 a
143 855 336 922 anImalium
373 860 471 941 atque
505 856 702 922 concharum
735 857 826 922 iubet
863 858 1063 923 incremento
1097 881 1156 924 suo

142 945 291 1011 membra
314 949 461 1030 turgere,
489 944 596 1010 echini
625 967 737 1010 carnes
767 946 889 1011 salibus
914 945 1044 1012 condire
1067 969 1155 1012 cura-

142 1035 235 1100 bunt.
252 1075 254 1082 ·
272 1033 358 1118 quod
382 1034 480 1098 solito
504 1056 595 1099 more
619 1035 797 1100 conficitur.
834 1035 919 1101 hane
938 1057 1067 1120 quoque
1086 1059 1155 1101 rem

143 1145 202 1207 per
232 1145 344 1188 omnes
374 1144 501 1188 menses
531 1123 613 1188 bene
642 1122 798 1189 faciemus
828 1123 990 1189 hibernos.
1036 1148 1155 1212 pernas

27 1267 31 1272 .
144 1212 244 1277 etiam
273 1217 308 1277 et
336 1212 465 1277 lardum
495 1213 684 1278 conficimus
713 1235 780 1277 non
809 1213 916 1278 solum
946 1235 1055 1278 mense
1083 1215 1155 1299 hoc,

102 1330 131 1369 10
147 1301 203 1366 sed
226 1301 387 1385 omnibus,
410 1323 493 1386 quos
516 1301 667 1366 hiemalis
691 1301 784 1387 algor
807 1301 971 1386 astringit.
1008 1311 1156 1387 tempore

145 1389 208 1454 hoc
229 1411 288 1474 per
310 1388 451 1454 humiles
475 1390 575 1454 siluas
606 1394 639 1455 et
665 1391 755 1456 bacis
783 1390 920 1456 fecunda
946 1391 1091 1477 uirgulta
1113 1392 1155 1456 ad

138 1477 254 1544 turdos
289 1482 476 1566 ceterasque
509 1501 585 1544 aues
623 1479 796 1564 capiendas
831 1481 966 1564 laqueos
1002 1481 1152 1567 expedire

138 1566 320 1634 conueniet.
365 1568 428 1632 hoc
455 1589 558 1652 usque
587 1567 622 1632 in
650 1569 805 1633 martium
833 1591 979 1634 mensem
1002 1571 1154 1635 tendetur

138 1656 325 1740 aucupium.

97 1895 125 1936 15
533 1868 593 1932 DII
617 1866 762 1934 HORIS.

207 1992 422 2058 Decembrem
451 1991 597 2057 ianuario
622 1991 656 2056 in
682 1992 773 2058 horis
796 2014 894 2059 causa
916 1995 1027 2080 dispar
1050 1997 1102 2060 ad·
1144 1995 1209 2061 VII

107 2114 111 2124 ,
141 2082 265 2167 iunxit,
288 2105 362 2148 cum
384 2081 471 2146 linea
494 2079 595 2146 simili
617 2080 673 2145 ille
697 2087 868 2166 augeatur,
896 2084 959 2149 iste
983 2085 1154 2151 decrescat.

344 2241 435 2308 Hora
550 2238 567 2304 I
620 2241 717 2325 pedes
771 2241 950 2324 XXVIIII,

343 2331 425 2396 hora
534 2328 567 2393 Π
620 2330 718 2414 pedes
803 2331 950 2417 XVIIII,

342 2419 425 2485 hora
515 2418 566 2483 III
621 2419 719 2503 pedes
876 2420 949 2506 XV,

342 2509 424 2574 hora
500 2507 567 2572 IIII
621 2507 719 2593 pedes
869 2508 950 2594 XII,

342 2597 425 2663 hora
535 2595 566 2660 V
620 2597 718 2681 pedes
906 2599 950 2684 X,

343 2686 424 2751 hora
519 2684 567 2749 VI
620 2686 717 2769 pedes
834 2687 950 2773 VIIII,

342 2774 425 2840 hora
500 2771 567 2839 VII
619 2776 717 2860 pedes
905 2777 950 2864 X,

342 2864 425 2930 hora
482 2862 567 2928 VIII
620 2865 717 2947 pedes
844 2865 949 2952 XII,

210 3098 224 3144 1
244 3089 411 3146 PERNICIS
429 3091 456 3146 L
478 3092 482 3164 Ι
508 3091 694 3146 SALIENTIS
715 3093 745 3163 Q,
763 3091 998 3147 PSALLIENDIS
1016 3094 1044 3148 L
1063 3095 1067 3167 Ι
1090 3095 1151 3149 LA·

136 3161 211 3227 Qun
229 3161 257 3215 L
275 3163 285 3232 ΙΙ
308 3168 324 3216 3
343 3163 412 3218 luna
431 3163 457 3218 G
477 3165 487 3233 ΙΙ
509 3170 526 3218 4
545 3162 657 3218 iuuabIt
674 3165 777 3235 iaces,
795 3163 892 3217 inierit
910 3163 966 3218 SE
980 3166 985 3234 Ι
1001 3181 1151 3236 argumen-

135 3237 198 3289 tum
216 3233 273 3289 SE
297 3236 307 3305 I
338 3240 423 3289 5su0
442 3251 530 3303 emp
553 3237 562 3305 ΙΙ
594 3238 826 3306 Gtmgescerep
854 3237 859 3304 Ι
889 3235 1048 3290 curabimus
1067 3237 1124 3292 SE
1140 3238 1151 3311 V

136 3306 244 3361 8bene
270 3304 405 3360 faciemus
427 3322 478 3377 per
503 3321 598 3360 omnes
621 3323 730 3360 menses
753 3306 874 3375 ybemos
892 3307 923 3359 Ε
948 3308 958 3377 ΙΙ
985 3313 1001 3361 9
1021 3308 1150 3363 conficie-

134 3394 198 3432 mus
221 3377 247 3431 V
275 3378 284 3447 ΙΙ
317 3381 350 3430 10
376 3377 426 3431 sed
444 3381 473 3431 et
491 3377 620 3432 omnibus
639 3378 670 3431 E
699 3380 708 3447 ΙΙ
741 3383 774 3430 12
801 3379 829 3431 et
848 3379 973 3432 caeteras
992 3379 1123 3451 Eiccqr
1141 3381 1151 3453 Ν

136 3454 169 3502 16
187 3447 343 3502 December
360 3449 388 3504 L
401 3451 410 3519 Η
425 3454 457 3502 12
477 3451 597 3520 augetur
610 3449 641 3502 E
653 3451 662 3518 Η
677 3454 710 3502 18
728 3447 816 3502 habet
833 3450 930 3504 Iusserat
943 3449 975 3503 Ε
986 3452 995 3520 Η
1009 3455 1043 3504 20
1061 3452 1148 3520 pedes

134 3519 213 3575 XVII
227 3537 250 3588 p
262 3521 272 3589 ΙΙ
287 3525 319 3572 21
319 3519 425 3644 x,redes
444 3519 496 3574 XV
510 3538 532 3590 p
545 3522 554 3592 ΙΙ
569 3527 602 3574 22
621 3520 708 3591 pedes
726 3519 792 3573 XIII
806 3537 828 3589 1⁰
842 3523 851 3590 ΙΙ
865 3525 899 3574 24
917 3521 1003 3589 pedes
1021 3521 1086 3575 XIII
1100 3540 1123 3591 p
1140 3523 1150 3594 ΙΙ

134 3597 169 3646 25
189 3591 275 3661 pedes
293 3591 319 3644 X
360 3608 382 3660 p

937 3686 968 3734 1.7
976 3681 989 3710 *
