2538 3942
166 197 231 260 150
590 188 758 245 unusnu

179 485 241 552 DE
264 480 440 548 MEDICA
463 476 674 544 SERENDA
696 475 754 541 ΕΤ
775 474 1029 543 DISCIPLINA
1050 479 1166 546 EIVS.

131 606 149 672 I
235 607 309 673 Hoc
341 628 453 672 mense
484 605 520 669 in
547 605 646 686 areis,
678 624 758 686 quas
790 606 879 684 ante,
911 601 998 668 mont
1029 605 1178 692 diximus,

163 698 385 784 praeparasti,
413 693 538 758 medita
565 692 701 757 serenda
727 696 789 756 est:
821 713 903 776 quae
931 694 1031 758 semel
1059 696 1178 761 sentur

164 793 200 853 et
231 788 345 851 <leuem
373 785 468 849 annis
495 787 679 866 permanet,
710 781 760 844 ita
785 785 823 844 ut
850 785 966 863 quater
994 782 1047 847 uel
1074 785 1178 851 sexies

163 877 274 962 possit
296 893 494 959 perannum
514 871 622 935 recidi.
659 891 774 954 agrum
792 873 962 954 stercorat,
984 893 1096 937 macra
1113 875 1178 938 ani·
1202 899 1213 938 ⁵

164 965 266 1030 mulia
288 963 404 1046 reficit,
427 966 521 1025 curat
543 964 687 1044 aegrum
728 959 877 1042 iugerum
902 959 971 1023 eius
995 964 1068 1025 toto
1093 985 1177 1028 anno

164 1054 273 1117 tribus
301 1051 394 1135 equis
422 1049 549 1114 abunde
577 1047 710 1112 suffieit
755 1046 877 1132 singuli
904 1048 1017 1131 cyathi
1045 1051 1177 1116 seminis

165 1146 328 1226 occupant
350 1140 459 1204 looum
482 1138 587 1201 latum
607 1136 744 1221 pedibus
763 1135 914 1221 quinque,
936 1136 1074 1222 longum
1093 1141 1179 1224 pedi·

120 1228 142 1290 2
164 1231 225 1294 bus
249 1231 370 1294 deoeuu
407 1227 464 1291 sed
487 1249 564 1292 mox
586 1225 704 1310 ligneis
727 1224 870 1290 rastellis
893 1225 1076 1291 obruantur
1093 1230 1178 1294 iacta

164 1319 303 1400 semina,
327 1317 403 1402 quia
425 1316 495 1380 sole
517 1315 614 1380 eitius
637 1314 870 1379 conburuntur.
913 1319 992 1397 post
1015 1317 1177 1382 sationem
1189 1344 1212 1382 m

162 1407 251 1470 ferro
279 1407 389 1470 locum
416 1405 510 1490 tangi
535 1426 603 1468 non
629 1402 721 1486 lieet,
748 1401 805 1466 sed
831 1403 948 1467 rastris
971 1403 1092 1489 ligneis
1115 1406 1176 1470 fre-

164 1499 303 1577 quenter
320 1493 422 1558 herba
441 1494 624 1574 mundetur,
642 1514 683 1555 ne
702 1497 848 1555 teneram
865 1492 1024 1557 medicam
1037 1501 1175 1577 premat.

119 1581 140 1644 3
162 1583 270 1667 prima
297 1583 413 1647 messis
436 1582 506 1646 eius
529 1582 655 1645 tardius
678 1581 750 1660 fiat,
776 1585 814 1644 ut
837 1580 1043 1664 aliquantum
1066 1605 1176 1648 semen
1262 1585 1263 1602 ¹

163 1671 316 1735 excutiat.
363 1677 490 1736 eeterae
517 1693 596 1735 uero
623 1691 761 1750 messes,
792 1691 890 1753 quam
922 1669 1066 1736 uolueris
1100 1673 1175 1758 cito,

162 1765 362 1844 peragantur
380 1766 413 1824 et
426 1760 582 1823 iumentis
597 1758 822 1843 praebeantur.
854 1758 909 1822 sed
922 1759 1029 1842 primo
1044 1762 1174 1844 parcius
1188 1787 1212 1826 ιε

162 1849 347 1931 praebenda
369 1853 421 1912 est
443 1850 574 1913 nouitas
597 1847 724 1931 pabuli:
751 1847 845 1912 inflat
867 1848 954 1911 enim
977 1853 1010 1912 et
1034 1850 1175 1914 multum

163 1938 356 2022 sauguinem
388 1941 487 2002 oreat.
532 1938 590 2002 ubi
622 1937 779 2020 secueris,
811 1936 939 2019 saepius
973 1937 1052 2022 riga
1099 1944 1175 2022 post

161 2047 284 2109 paucos
302 2027 380 2108 dies,
400 2048 473 2090 cum
491 2025 646 2090 fruticem
660 2025 815 2110 eoeperit,
833 2047 944 2090 omues
959 2025 1039 2090 alias
1054 2027 1173 2092 herbas

161 2120 308 2180 runcato.
354 2115 403 2179 ita
435 2119 469 2179 et
501 2115 605 2179 sexies
636 2137 695 2198 per
727 2137 848 2179 annum
880 2119 981 2179 metes
1013 2119 1047 2178 et
1079 2117 1172 2181 annis

162 2204 273 2268 deoem
297 2204 420 2289 poterit
442 2225 572 2268 manere
595 2203 768 2268 contiuuis.
1186 2233 1213 2269 so

282 2431 342 2495 ΒΕ
365 2431 630 2499 INSERENDA
653 2432 770 2498 OLllA
793 2433 850 2499 ΕΤ
873 2431 1056 2499 ΟΕΤΕΕΔ.

109 2551 143 2617 II
230 2552 326 2618 Nunc
357 2556 439 2621 locis
467 2559 658 2642 temperatis
687 2559 776 2622 oliua
803 2559 977 2624 inseratur:
1010 2580 1093 2642 quae
1125 2561 1176 2624 in·
1261 2549 1262 2560 ἵ

164 2645 284 2707 seritur
317 2645 402 2707 inter
432 2648 588 2712 corticem
620 2669 709 2712 more
741 2669 925 2732 pomorum,
958 2647 1044 2712 siout
1076 2670 1177 2732 supra

163 2731 286 2796 dietum
305 2737 364 2796 est.
402 2734 457 2798 sed
475 2740 514 2799 ut
532 2736 674 2800 oleastro
694 2737 827 2815 inseras,
846 2741 960 2801 eontra
978 2735 1068 2821 illud,
1088 2740 1176 2821 quod

236 2913 250 2960 1
269 2906 317 2960 ΕΤ
335 2905 537 2962 DISCIPLINA
555 2909 637 2963 EIVS
655 2927 706 2964 oro.
721 2912 752 2965 E
772 2912 782 2980 ΙΙ
805 2915 821 2964 2
844 2911 935 2980 Aprili
958 2927 1053 2965 mense
1072 2929 1152 2982 ηερε

163 2975 264 3031 inertis
285 2979 331 3047 61
348 2976 469 3032 diximus
489 2983 555 3034 ante
573 2981 676 3035 debere
694 2982 857 3051 praeparari
872 2985 945 3052 put
964 2982 1105 3036 medicina
1121 2985 1151 3038 L

165 3045 248 3099 simul
262 3050 274 3100 i
287 3053 327 3118 114
345 3051 375 3103 et
388 3067 439 3104 orn.
455 3051 542 3122 Eeye
558 3054 562 3122 l
578 3051 608 3105 in
626 3052 723 3106 decem
737 3055 764 3108 L
777 3056 816 3122 ΙΙῚ
836 3054 948 3107 abunde
962 3069 1011 3107 om.
1027 3073 1046 3123 p
1063 3057 1066 3123 Ι
1083 3054 1178 3122 quieti

163 3116 279 3186 PLQS
285 3121 315 3187 T,
335 3119 391 3188 qui.
412 3121 499 3175 aoiati
517 3123 549 3190 V,
568 3122 649 3191 quati
669 3125 703 3191 θ,
723 3123 791 3178 oiati
809 3125 840 3178 E
855 3127 865 3194 ΙΙ
885 3130 901 3178 8
919 3123 1039 3194 pedibus
1057 3126 1096 3180 VI
1109 3129 1153 3194 pi
1173 3128 1177 3198 Ι

162 3187 282 3267 pedibus
293 3199 356 3257 post
368 3191 485 3261 longum
498 3211 548 3247 om.
563 3196 575 3246 s'
588 3197 597 3263 ΙΙ
612 3200 627 3246 9
642 3194 780 3248 rastrellis
795 3196 846 3265 El
860 3202 893 3250 10
908 3196 966 3250 sole
980 3213 1030 3251 om.
1049 3196 1179 3267 QlPost

164 3260 302 3312 sat10nem
321 3277 387 3314 uero
406 3263 480 3316 ferro
494 3264 525 3317 E
536 3267 545 3333 ΙΙ
561 3269 593 3316 13
611 3265 715 3318 mensis
729 3267 810 3338 LVI
826 3267 875 3321 fiet
888 3284 965 3337 aeos
981 3269 985 3336 Ι
1001 3284 1097 3322 semen
1115 3269 1179 3323 eius
1260 3305 1261 3324 i

164 3343 221 3382 exe.
232 3329 263 3382 Ε
275 3330 285 3396 ΙΙ
299 3335 331 3383 17
347 3331 403 3384 Vbi
417 3333 496 3402 epius
511 3335 615 3387 securis
625 3336 662 3402 E,
678 3337 766 3390 seruis
777 3355 831 3406 pro
845 3337 965 3392 secueris
971 3356 993 3407 p
1006 3341 1015 3407 ll
1031 3345 1063 3392 18
1077 3339 1180 3394 fructi-

164 3398 247 3452 ficare
270 3399 377 3466 LEG,
400 3402 553 3457 frutifieare
575 3407 609 3473 il}
624 3410 657 3458 19
685 3408 816 3462 trunceto
839 3411 851 3461 i
893 3408 934 3463 ita
957 3412 990 3463 ut
1012 3409 1101 3464 sexies
1120 3413 1154 3466 E

164 3471 254 3522 metas
273 3470 310 3536 Ε,
329 3470 411 3523 metis
430 3477 510 3554 reteri
531 3476 541 3542 ΙΙ
564 3481 597 3554 10
615 3476 709 3556 potuit
726 3479 753 3531 L
776 3481 785 3547 ΙΙ
809 3485 841 3532 21
861 3414 909 3533 lm
929 3479 1039 3535 OLIVA
1057 3482 1105 3553 ΕΙ
1130 3413 1180 3536 E'I

164 3535 306 3592 CETERA
325 3555 374 3592 om.
390 3541 477 3597 Erae
490 3547 499 3613 ΙΙ
513 3550 547 3596 22
566 3549 699 3600 inseritur
716 3548 748 3601 Ε
759 3552 768 3618 ΙΙ
783 3555 817 3603 24
836 3566 890 3619 quo
912 3551 935 3622 Q
