<?xml version="1.0" encoding="UTF-8"?>
<!DOCTYPE html PUBLIC "-//W3C//DTD XHTML 1.0 Transitional//EN"
    "http://www.w3.org/TR/xhtml1/DTD/xhtml1-transitional.dtd">
<html xmlns="http://www.w3.org/1999/xhtml" xml:lang="en" lang="en">
 <head>
  <title>
</title>
<meta http-equiv="Content-Type" content="text/html;charset=utf-8" />
  <meta name='ocr-system' content='tesseract 3.04.00' />
  <meta name='ocr-capabilities' content='ocr_page ocr_carea ocr_par ocr_line ocrx_word'/>
</head>
<body>
  <div class='ocr_page' id='page_1' title='image "./palladiirutilii01pallgoog_0119.png"; bbox 0 0 2524 3946; ppageno 0'>
   <div class='ocr_carea' id='block_1_1' title="bbox 146 129 737 275">
    <p class='ocr_par' dir='ltr' id='par_1_1' title="bbox 146 129 737 275">
     <span class='ocr_line' id='line_1_1' title="bbox 146 129 737 275; baseline 0 -29"><span class='ocrx_word' id='word_1_1' title='bbox 146 190 208 275; x_wconf 50' lang='lat'>98.</span> <span class='ocrx_word' id='word_1_2' title='bbox 336 129 338 140; x_wconf 32' lang='lat'>¹</span> <span class='ocrx_word' id='word_1_3' title='bbox 567 191 737 266; x_wconf 73' lang='lat' dir='ltr'>pantanu</span> 
     </span>
    </p>
   </div>
   <div class='ocr_carea' id='block_1_2' title="bbox 92 335 1205 1825">
    <p class='ocr_par' dir='ltr' id='par_1_2' title="bbox 145 335 1161 601">
     <span class='ocr_line' id='line_1_2' title="bbox 145 335 1161 424; baseline 0.006 -24"><span class='ocrx_word' id='word_1_4' title='bbox 145 337 241 420; x_wconf 89' lang='lat' dir='ltr'>plura</span> <span class='ocrx_word' id='word_1_5' title='bbox 269 335 393 401; x_wconf 91' lang='lat' dir='ltr'>semina</span> <span class='ocrx_word' id='word_1_6' title='bbox 419 336 454 400; x_wconf 91' lang='lat' dir='ltr'>in</span> <span class='ocrx_word' id='word_1_7' title='bbox 481 360 582 401; x_wconf 91' lang='lat' dir='ltr'>unum</span> <span class='ocrx_word' id='word_1_8' title='bbox 608 337 713 422; x_wconf 88' lang='lat' dir='ltr'>ligata</span> <span class='ocrx_word' id='word_1_9' title='bbox 740 337 769 401; x_wconf 88' lang='lat' dir='ltr'>ai</span> <span class='ocrx_word' id='word_1_10' title='bbox 796 337 998 423; x_wconf 83' lang='lat' dir='ltr'>deposueris,</span> <span class='ocrx_word' id='word_1_11' title='bbox 1026 340 1161 424; x_wconf 88' lang='lat' dir='ltr'>grandis</span> 
     </span>
     <span class='ocr_line' id='line_1_3' title="bbox 145 425 1161 512; baseline 0.004 -22"><span class='ocrx_word' id='word_1_12' title='bbox 145 447 267 510; x_wconf 85' lang='lat' dir='ltr'>porrus</span> <span class='ocrx_word' id='word_1_13' title='bbox 281 429 433 492; x_wconf 88' lang='lat' dir='ltr'>nascetur</span> <span class='ocrx_word' id='word_1_14' title='bbox 452 448 490 491; x_wconf 89' lang='lat' dir='ltr'>ex</span> <span class='ocrx_word' id='word_1_15' title='bbox 510 425 669 492; x_wconf 89' lang='lat' dir='ltr'>omnibus.</span> <span class='ocrx_word' id='word_1_16' title='bbox 706 427 786 490; x_wconf 88' lang='lat' dir='ltr'>item</span> <span class='ocrx_word' id='word_1_17' title='bbox 806 427 833 490; x_wconf 91' lang='lat' dir='ltr'>si</span> <span class='ocrx_word' id='word_1_18' title='bbox 853 426 954 511; x_wconf 90' lang='lat' dir='ltr'>capiti</span> <span class='ocrx_word' id='word_1_19' title='bbox 972 427 1041 492; x_wconf 91' lang='lat' dir='ltr'>eius</span> <span class='ocrx_word' id='word_1_20' title='bbox 1061 450 1161 512; x_wconf 88' lang='lat' dir='ltr'>rapae</span> 
     </span>
     <span class='ocr_line' id='line_1_4' title="bbox 146 513 1161 601; baseline 0.005 -22"><span class='ocrx_word' id='word_1_21' title='bbox 146 536 256 579; x_wconf 79' lang='lat' dir='ltr'>semen</span> <span class='ocrx_word' id='word_1_22' title='bbox 285 513 435 580; x_wconf 79' lang='lat' dir='ltr'><strong>inmittas</strong></span> <span class='ocrx_word' id='word_1_23' title='bbox 464 515 533 580; x_wconf 89' lang='lat' dir='ltr'>sine</span> <span class='ocrx_word' id='word_1_24' title='bbox 556 514 643 579; x_wconf 85' lang='lat' dir='ltr'>ferro</span> <span class='ocrx_word' id='word_1_25' title='bbox 667 519 701 581; x_wconf 89' lang='lat' dir='ltr'>et</span> <span class='ocrx_word' id='word_1_26' title='bbox 721 536 862 601; x_wconf 87' lang='lat' dir='ltr'>pangas,</span> <span class='ocrx_word' id='word_1_27' title='bbox 888 517 1029 581; x_wconf 90' lang='lat' dir='ltr'>multum</span> <span class='ocrx_word' id='word_1_28' title='bbox 1053 516 1161 584; x_wconf 84' lang='lat' dir='ltr'>fertur</span> 
     </span>
    </p>

    <p class='ocr_par' dir='ltr' id='par_1_3' title="bbox 94 602 1205 1044">
     <span class='ocr_line' id='line_1_5' title="bbox 94 602 1159 688; baseline 0.004 -20"><span class='ocrx_word' id='word_1_29' title='bbox 94 604 337 670; x_wconf 88' lang='lat' dir='ltr'>l3increscere:</span> <span class='ocrx_word' id='word_1_30' title='bbox 356 603 483 688; x_wconf 84' lang='lat' dir='ltr'>melius,</span> <span class='ocrx_word' id='word_1_31' title='bbox 502 605 530 668; x_wconf 91' lang='lat' dir='ltr'>si</span> <span class='ocrx_word' id='word_1_32' title='bbox 548 602 736 687; x_wconf 87' lang='lat' dir='ltr'>frequenter</span> <span class='ocrx_word' id='word_1_33' title='bbox 749 604 813 669; x_wconf 95' lang='lat' dir='ltr'>hoc</span> <span class='ocrx_word' id='word_1_34' title='bbox 826 605 936 670; x_wconf 85' lang='lat' dir='ltr'>facias.</span> <span class='ocrx_word' id='word_1_35' title='bbox 969 606 1032 671; x_wconf 89' lang='lat' dir='ltr'>hoc</span> <span class='ocrx_word' id='word_1_36' title='bbox 1047 629 1159 672; x_wconf 91' lang='lat' dir='ltr'>mense</span> 
     </span>
     <span class='ocr_line' id='line_1_6' title="bbox 144 691 1205 777; baseline 0.007 -21"><span class='ocrx_word' id='word_1_37' title='bbox 144 691 234 756; x_wconf 90' lang='lat' dir='ltr'>inula</span> <span class='ocrx_word' id='word_1_38' title='bbox 266 692 399 776; x_wconf 85' lang='lat' dir='ltr'>seritur,</span> <span class='ocrx_word' id='word_1_39' title='bbox 432 715 495 777; x_wconf 84' lang='lat' dir='ltr'>quo</span> <span class='ocrx_word' id='word_1_40' title='bbox 523 697 661 758; x_wconf 90' lang='lat' dir='ltr'>canneta</span> <span class='ocrx_word' id='word_1_41' title='bbox 688 697 862 776; x_wconf 85' lang='lat' dir='ltr'>ponuntur.</span> <span class='ocrx_word' id='word_1_42' title='bbox 908 693 1027 759; x_wconf 89' lang='lat' dir='ltr'>seritur</span> <span class='ocrx_word' id='word_1_43' title='bbox 1055 695 1159 760; x_wconf 92' lang='lat' dir='ltr'>oculis</span> <span class='ocrx_word' id='word_1_44' title='bbox 1189 725 1205 764; x_wconf 89' lang='lat'><strong>5</strong></span> 
     </span>
     <span class='ocr_line' id='line_1_7' title="bbox 114 780 1159 866; baseline 0.004 -20"><span class='ocrx_word' id='word_1_45' title='bbox 114 859 115 864; x_wconf 8' lang='grc' dir='ltr'>γ</span> <span class='ocrx_word' id='word_1_46' title='bbox 144 781 230 846; x_wconf 88' lang='lat' dir='ltr'>sicut</span> <span class='ocrx_word' id='word_1_47' title='bbox 253 782 379 866; x_wconf 86' lang='lat' dir='ltr'>calami,</span> <span class='ocrx_word' id='word_1_48' title='bbox 403 802 484 866; x_wconf 90' lang='lat' dir='ltr'>quos</span> <span class='ocrx_word' id='word_1_49' title='bbox 508 780 673 847; x_wconf 83' lang='lat' dir='ltr'>abscidere</span> <span class='ocrx_word' id='word_1_50' title='bbox 697 785 731 846; x_wconf 90' lang='lat' dir='ltr'>et</span> <span class='ocrx_word' id='word_1_51' title='bbox 753 785 842 846; x_wconf 89' lang='lat' dir='ltr'>terra</span> <span class='ocrx_word' id='word_1_52' title='bbox 864 781 982 847; x_wconf 89' lang='lat' dir='ltr'>leuiter</span> <span class='ocrx_word' id='word_1_53' title='bbox 1002 783 1159 850; x_wconf 85' lang='lat' dir='ltr'><strong>debemus</strong></span> 
     </span>
     <span class='ocr_line' id='line_1_8' title="bbox 144 869 1160 938; baseline 0.003 -3"><span class='ocrx_word' id='word_1_54' title='bbox 144 872 280 936; x_wconf 86' lang='lat' dir='ltr'>obruere</span> <span class='ocrx_word' id='word_1_55' title='bbox 313 875 402 936; x_wconf 88' lang='lat' dir='ltr'>terra</span> <span class='ocrx_word' id='word_1_56' title='bbox 432 870 522 936; x_wconf 84' lang='lat' dir='ltr'>fossa</span> <span class='ocrx_word' id='word_1_57' title='bbox 553 875 586 935; x_wconf 91' lang='lat' dir='ltr'>et</span> <span class='ocrx_word' id='word_1_58' title='bbox 619 871 755 935; x_wconf 87' lang='lat' dir='ltr'>subacta</span> <span class='ocrx_word' id='word_1_59' title='bbox 786 869 937 936; x_wconf 87' lang='lat' dir='ltr'>excitatis</span> <span class='ocrx_word' id='word_1_60' title='bbox 968 873 1008 936; x_wconf 89' lang='lat' dir='ltr'>ad</span> <span class='ocrx_word' id='word_1_61' title='bbox 1036 872 1160 938; x_wconf 90' lang='lat' dir='ltr'>lineam</span> 
     </span>
     <span class='ocr_line' id='line_1_9' title="bbox 143 958 1160 1044; baseline 0.002 -20"><span class='ocrx_word' id='word_1_62' title='bbox 143 959 300 1044; x_wconf 86' lang='lat' dir='ltr'>puluinis‚</span> <span class='ocrx_word' id='word_1_63' title='bbox 329 959 447 1044; x_wconf 88' lang='lat' dir='ltr'>quibus</span> <span class='ocrx_word' id='word_1_64' title='bbox 474 960 542 1024; x_wconf 77' lang='lat' dir='ltr'>eius</span> <span class='ocrx_word' id='word_1_65' title='bbox 568 958 679 1025; x_wconf 92' lang='lat' dir='ltr'>oculos</span> <span class='ocrx_word' id='word_1_66' title='bbox 703 963 833 1043; x_wconf 76' lang='lat' dir='ltr'>oportet</span> <span class='ocrx_word' id='word_1_67' title='bbox 854 958 1007 1026; x_wconf 87' lang='lat' dir='ltr'>infodere.</span> <span class='ocrx_word' id='word_1_68' title='bbox 1055 962 1160 1026; x_wconf 90' lang='lat' dir='ltr'>trium</span> 
     </span>
    </p>

    <p class='ocr_par' dir='ltr' id='par_1_4' title="bbox 92 1048 1205 1825">
     <span class='ocr_line' id='line_1_10' title="bbox 92 1048 1160 1133; baseline 0.003 -19"><span class='ocrx_word' id='word_1_69' title='bbox 92 1052 133 1115; x_wconf 87' lang='lat'>14</span> <span class='ocrx_word' id='word_1_70' title='bbox 143 1050 263 1133; x_wconf 89' lang='lat' dir='ltr'>pedum</span> <span class='ocrx_word' id='word_1_71' title='bbox 290 1050 376 1114; x_wconf 89' lang='lat' dir='ltr'>inter</span> <span class='ocrx_word' id='word_1_72' title='bbox 403 1071 437 1113; x_wconf 92' lang='lat' dir='ltr'>se</span> <span class='ocrx_word' id='word_1_73' title='bbox 465 1048 572 1132; x_wconf 77' lang='lat' dir='ltr'>spatio</span> <span class='ocrx_word' id='word_1_74' title='bbox 600 1051 802 1132; x_wconf 87' lang='lat' dir='ltr'>separantur.</span> <span class='ocrx_word' id='word_1_75' title='bbox 846 1049 909 1114; x_wconf 89' lang='lat' dir='ltr'>hoc</span> <span class='ocrx_word' id='word_1_76' title='bbox 935 1071 1048 1115; x_wconf 90' lang='lat' dir='ltr'>mense</span> <span class='ocrx_word' id='word_1_77' title='bbox 1072 1050 1160 1117; x_wconf 91' lang='lat' dir='ltr'>colo-</span> 
     </span>
     <span class='ocr_line' id='line_1_11' title="bbox 143 1137 1205 1226; baseline 0.005 -22"><span class='ocrx_word' id='word_1_78' title='bbox 143 1138 228 1204; x_wconf 89' lang='lat' dir='ltr'>casei</span> <span class='ocrx_word' id='word_1_79' title='bbox 242 1138 361 1202; x_wconf 88' lang='lat' dir='ltr'>bulbos</span> <span class='ocrx_word' id='word_1_80' title='bbox 375 1159 542 1222; x_wconf 86' lang='lat' dir='ltr'>ponemus.</span> <span class='ocrx_word' id='word_1_81' title='bbox 569 1141 680 1202; x_wconf 87' lang='lat' dir='ltr'>amant</span> <span class='ocrx_word' id='word_1_82' title='bbox 693 1137 840 1202; x_wconf 88' lang='lat' dir='ltr'>umidum</span> <span class='ocrx_word' id='word_1_83' title='bbox 853 1138 972 1221; x_wconf 83' lang='lat' dir='ltr'>locum,</span> <span class='ocrx_word' id='word_1_84' title='bbox 990 1138 1159 1226; x_wconf 80' lang='lat' dir='ltr'>pinguem,</span> <span class='ocrx_word' id='word_1_85' title='bbox 1173 1171 1205 1208; x_wconf 84' lang='lat'>10</span> 
     </span>
     <span class='ocr_line' id='line_1_12' title="bbox 120 1225 1159 1312; baseline 0.009 -26"><span class='ocrx_word' id='word_1_86' title='bbox 120 1279 121 1286; x_wconf 71' lang='grc'>,</span> <span class='ocrx_word' id='word_1_87' title='bbox 142 1229 282 1292; x_wconf 87' lang='lat' dir='ltr'>maxime</span> <span class='ocrx_word' id='word_1_88' title='bbox 305 1227 480 1312; x_wconf 81' lang='lat' dir='ltr'>inriguam.</span> <span class='ocrx_word' id='word_1_89' title='bbox 518 1227 603 1292; x_wconf 91' lang='lat' dir='ltr'>circa</span> <span class='ocrx_word' id='word_1_90' title='bbox 623 1226 731 1292; x_wconf 85' lang='lat' dir='ltr'>fontes</span> <span class='ocrx_word' id='word_1_91' title='bbox 750 1227 915 1291; x_wconf 86' lang='lat' dir='ltr'>laetantur</span> <span class='ocrx_word' id='word_1_92' title='bbox 934 1231 968 1291; x_wconf 89' lang='lat' dir='ltr'>et</span> <span class='ocrx_word' id='word_1_93' title='bbox 987 1225 1077 1292; x_wconf 90' lang='lat' dir='ltr'>riuos</span> <span class='ocrx_word' id='word_1_94' title='bbox 1095 1251 1159 1295; x_wconf 90' lang='lat' dir='ltr'>nec</span> 
     </span>
     <span class='ocr_line' id='line_1_13' title="bbox 142 1315 1157 1400; baseline 0.002 -20"><span class='ocrx_word' id='word_1_95' title='bbox 142 1317 181 1381; x_wconf 90' lang='lat' dir='ltr'>de</span> <span class='ocrx_word' id='word_1_96' title='bbox 205 1315 267 1380; x_wconf 91' lang='lat' dir='ltr'>soli</span> <span class='ocrx_word' id='word_1_97' title='bbox 291 1315 449 1400; x_wconf 71' lang='lat' dir='ltr'>qualitate</span> <span class='ocrx_word' id='word_1_98' title='bbox 468 1320 593 1398; x_wconf 88' lang='lat' dir='ltr'>curant,</span> <span class='ocrx_word' id='word_1_99' title='bbox 617 1316 645 1380; x_wconf 94' lang='lat' dir='ltr'>si</span> <span class='ocrx_word' id='word_1_100' title='bbox 663 1319 821 1400; x_wconf 88' lang='lat' dir='ltr'>perpetuo</span> <span class='ocrx_word' id='word_1_101' title='bbox 838 1315 1013 1380; x_wconf 85' lang='lat' dir='ltr'>foueantur</span> <span class='ocrx_word' id='word_1_102' title='bbox 1031 1340 1157 1382; x_wconf 91' lang='lat' dir='ltr'>umore.</span> 
     </span>
     <span class='ocr_line' id='line_1_14' title="bbox 141 1404 1160 1489; baseline 0.004 -21"><span class='ocrx_word' id='word_1_103' title='bbox 141 1404 291 1469; x_wconf 87' lang='lat' dir='ltr'>frondere</span> <span class='ocrx_word' id='word_1_104' title='bbox 318 1425 420 1489; x_wconf 88' lang='lat' dir='ltr'>prope</span> <span class='ocrx_word' id='word_1_105' title='bbox 449 1427 577 1488; x_wconf 84' lang='lat' dir='ltr'>semper</span> <span class='ocrx_word' id='word_1_106' title='bbox 603 1407 755 1488; x_wconf 83' lang='lat' dir='ltr'>possunt,</span> <span class='ocrx_word' id='word_1_107' title='bbox 784 1405 813 1468; x_wconf 93' lang='lat' dir='ltr'>si</span> <span class='ocrx_word' id='word_1_108' title='bbox 840 1407 1009 1488; x_wconf 77' lang='lat' dir='ltr'>tamquam</span> <span class='ocrx_word' id='word_1_109' title='bbox 1037 1405 1160 1472; x_wconf 88' lang='lat' dir='ltr'>citreta</span> 
     </span>
     <span class='ocr_line' id='line_1_15' title="bbox 142 1493 1158 1580; baseline 0.003 -23"><span class='ocrx_word' id='word_1_110' title='bbox 142 1493 341 1578; x_wconf 85' lang='lat' dir='ltr'>tegumentis</span> <span class='ocrx_word' id='word_1_111' title='bbox 370 1493 584 1559; x_wconf 83' lang='lat' dir='ltr'>defendantur</span> <span class='ocrx_word' id='word_1_112' title='bbox 612 1515 631 1557; x_wconf 93' lang='lat' dir='ltr'>a</span> <span class='ocrx_word' id='word_1_113' title='bbox 657 1493 789 1578; x_wconf 87' lang='lat' dir='ltr'>frigore.</span> <span class='ocrx_word' id='word_1_114' title='bbox 834 1493 897 1558; x_wconf 93' lang='lat' dir='ltr'>hoc</span> <span class='ocrx_word' id='word_1_115' title='bbox 920 1515 1032 1559; x_wconf 86' lang='lat' dir='ltr'>mense</span> <span class='ocrx_word' id='word_1_116' title='bbox 1055 1496 1158 1580; x_wconf 82' lang='lat' dir='ltr'>cymi-</span> 
     </span>
     <span class='ocr_line' id='line_1_16' title="bbox 140 1582 1203 1656; baseline 0.007 -10"><span class='ocrx_word' id='word_1_117' title='bbox 140 1603 220 1646; x_wconf 90' lang='lat' dir='ltr'>num</span> <span class='ocrx_word' id='word_1_118' title='bbox 243 1586 277 1647; x_wconf 88' lang='lat' dir='ltr'>et</span> <span class='ocrx_word' id='word_1_119' title='bbox 300 1604 434 1647; x_wconf 87' lang='lat' dir='ltr'>anesum</span> <span class='ocrx_word' id='word_1_120' title='bbox 457 1582 577 1647; x_wconf 83' lang='lat' dir='ltr'>seritur</span> <span class='ocrx_word' id='word_1_121' title='bbox 598 1583 671 1647; x_wconf 92' lang='lat' dir='ltr'>loco</span> <span class='ocrx_word' id='word_1_122' title='bbox 694 1583 777 1648; x_wconf 90' lang='lat' dir='ltr'>bene</span> <span class='ocrx_word' id='word_1_123' title='bbox 802 1584 938 1647; x_wconf 90' lang='lat' dir='ltr'>subacto</span> <span class='ocrx_word' id='word_1_124' title='bbox 963 1586 996 1647; x_wconf 90' lang='lat' dir='ltr'>et</span> <span class='ocrx_word' id='word_1_125' title='bbox 1018 1585 1070 1648; x_wconf 89' lang='lat' dir='ltr'>cui</span> <span class='ocrx_word' id='word_1_126' title='bbox 1088 1585 1157 1649; x_wconf 89' lang='lat' dir='ltr'>lae·</span> <span class='ocrx_word' id='word_1_127' title='bbox 1173 1615 1203 1656; x_wconf 89' lang='lat'>15</span> 
     </span>
     <span class='ocr_line' id='line_1_17' title="bbox 141 1670 1158 1757; baseline 0.004 -23"><span class='ocrx_word' id='word_1_128' title='bbox 141 1675 251 1735; x_wconf 85' lang='lat' dir='ltr'>tamen</span> <span class='ocrx_word' id='word_1_129' title='bbox 279 1671 465 1736; x_wconf 84' lang='lat' dir='ltr'>admisceas.</span> <span class='ocrx_word' id='word_1_130' title='bbox 513 1673 598 1755; x_wconf 90' lang='lat' dir='ltr'>quod</span> <span class='ocrx_word' id='word_1_131' title='bbox 627 1676 735 1736; x_wconf 88' lang='lat' dir='ltr'>satum</span> <span class='ocrx_word' id='word_1_132' title='bbox 762 1675 826 1755; x_wconf 88' lang='lat' dir='ltr'>est,</span> <span class='ocrx_word' id='word_1_133' title='bbox 852 1670 963 1736; x_wconf 89' lang='lat' dir='ltr'>herbis</span> <span class='ocrx_word' id='word_1_134' title='bbox 993 1677 1158 1757; x_wconf 83' lang='lat' dir='ltr'>purgetur</span> 
     </span>
     <span class='ocr_line' id='line_1_18' title="bbox 143 1760 286 1825; baseline -0.007 0"><span class='ocrx_word' id='word_1_135' title='bbox 143 1760 286 1825; x_wconf 86' lang='lat' dir='ltr'>adsidue.</span> 
     </span>
    </p>
   </div>
   <div class='ocr_carea' id='block_1_3' title="bbox 532 1899 762 1999">
    <p class='ocr_par' dir='ltr' id='par_1_5' title="bbox 532 1899 762 1999">
     <span class='ocr_line' id='line_1_19' title="bbox 532 1899 762 1999; baseline 0 -33"><span class='ocrx_word' id='word_1_136' title='bbox 532 1900 592 1966; x_wconf 84' lang='lat' dir='ltr'>nn</span> <span class='ocrx_word' id='word_1_137' title='bbox 616 1899 762 1999; x_wconf 74' lang='lat' dir='ltr'>roms.</span> 
     </span>
    </p>
   </div>
   <div class='ocr_carea' id='block_1_4' title="bbox 87 2024 1202 2822">
    <p class='ocr_par' dir='ltr' id='par_1_6' title="bbox 87 2024 1202 2632">
     <span class='ocr_line' id='line_1_20' title="bbox 87 2024 1154 2110; baseline 0.002 -18"><span class='ocrx_word' id='word_1_138' title='bbox 87 2026 182 2093; x_wconf 88' lang='lat' dir='ltr'>XXV</span> <span class='ocrx_word' id='word_1_139' title='bbox 249 2024 389 2092; x_wconf 83' lang='lat' dir='ltr'>PIRVS.</span> <span class='ocrx_word' id='word_1_140' title='bbox 426 2025 561 2091; x_wconf 86' lang='lat' dir='ltr'>Plantas</span> <span class='ocrx_word' id='word_1_141' title='bbox 584 2025 731 2110; x_wconf 88' lang='lat' dir='ltr'>pirorum</span> <span class='ocrx_word' id='word_1_142' title='bbox 754 2047 864 2090; x_wconf 85' lang='lat' dir='ltr'>mense</span> <span class='ocrx_word' id='word_1_143' title='bbox 882 2025 1048 2092; x_wconf 89' lang='lat' dir='ltr'>februario</span> <span class='ocrx_word' id='word_1_144' title='bbox 1067 2029 1154 2096; x_wconf 90' lang='lat' dir='ltr'>locis</span> 
     </span>
     <span class='ocr_line' id='line_1_21' title="bbox 139 2114 1202 2202; baseline 0.007 -22"><span class='ocrx_word' id='word_1_145' title='bbox 139 2116 268 2202; x_wconf 86' lang='lat' dir='ltr'>frigidis</span> <span class='ocrx_word' id='word_1_146' title='bbox 295 2137 466 2200; x_wconf 82' lang='lat' dir='ltr'>ponemus,</span> <span class='ocrx_word' id='word_1_147' title='bbox 495 2115 607 2180; x_wconf 89' lang='lat' dir='ltr'>calidis</span> <span class='ocrx_word' id='word_1_148' title='bbox 636 2137 713 2179; x_wconf 88' lang='lat' dir='ltr'>uero</span> <span class='ocrx_word' id='word_1_149' title='bbox 741 2114 926 2180; x_wconf 89' lang='lat' dir='ltr'>nouembri:</span> <span class='ocrx_word' id='word_1_150' title='bbox 954 2117 1011 2180; x_wconf 92' lang='lat' dir='ltr'>sed</span> <span class='ocrx_word' id='word_1_151' title='bbox 1038 2140 1153 2186; x_wconf 87' lang='lat' dir='ltr'>mense</span> <span class='ocrx_word' id='word_1_152' title='bbox 1169 2148 1202 2187; x_wconf 83' lang='lat' dir='ltr'>so</span> 
     </span>
     <span class='ocr_line' id='line_1_22' title="bbox 138 2203 1154 2289; baseline 0.003 -19"><span class='ocrx_word' id='word_1_153' title='bbox 138 2205 310 2270; x_wconf 91' lang='lat' dir='ltr'>nouembri</span> <span class='ocrx_word' id='word_1_154' title='bbox 336 2206 409 2288; x_wconf 88' lang='lat' dir='ltr'>pira</span> <span class='ocrx_word' id='word_1_155' title='bbox 430 2204 512 2268; x_wconf 89' lang='lat' dir='ltr'>locis</span> <span class='ocrx_word' id='word_1_156' title='bbox 536 2203 656 2289; x_wconf 90' lang='lat' dir='ltr'>tepidis</span> <span class='ocrx_word' id='word_1_157' title='bbox 680 2205 876 2269; x_wconf 87' lang='lat' dir='ltr'>conserenda</span> <span class='ocrx_word' id='word_1_158' title='bbox 900 2208 988 2289; x_wconf 87' lang='lat' dir='ltr'>sunt,</span> <span class='ocrx_word' id='word_1_159' title='bbox 1017 2210 1055 2270; x_wconf 90' lang='lat' dir='ltr'>ut</span> <span class='ocrx_word' id='word_1_160' title='bbox 1080 2208 1154 2273; x_wconf 91' lang='lat' dir='ltr'>solo</span> 
     </span>
     <span class='ocr_line' id='line_1_23' title="bbox 139 2293 1154 2380; baseline 0.003 -21"><span class='ocrx_word' id='word_1_161' title='bbox 139 2293 293 2359; x_wconf 88' lang='lat' dir='ltr'>iuuentur</span> <span class='ocrx_word' id='word_1_162' title='bbox 319 2294 459 2380; x_wconf 82' lang='lat' dir='ltr'>inriguo.</span> <span class='ocrx_word' id='word_1_163' title='bbox 504 2293 553 2358; x_wconf 90' lang='lat' dir='ltr'>ita</span> <span class='ocrx_word' id='word_1_164' title='bbox 581 2297 614 2356; x_wconf 85' lang='lat' dir='ltr'>et</span> <span class='ocrx_word' id='word_1_165' title='bbox 641 2293 755 2358; x_wconf 91' lang='lat' dir='ltr'>florem</span> <span class='ocrx_word' id='word_1_166' title='bbox 782 2293 960 2377; x_wconf 88' lang='lat' dir='ltr'>plurimum</span> <span class='ocrx_word' id='word_1_167' title='bbox 982 2293 1154 2377; x_wconf 88' lang='lat' dir='ltr'>proferent</span> 
     </span>
     <span class='ocr_line' id='line_1_24' title="bbox 139 2381 1154 2468; baseline 0.004 -22"><span class='ocrx_word' id='word_1_168' title='bbox 139 2387 172 2446; x_wconf 92' lang='lat' dir='ltr'>et</span> <span class='ocrx_word' id='word_1_169' title='bbox 186 2382 444 2468; x_wconf 85' lang='lat' dir='ltr'>magnitudinem</span> <span class='ocrx_word' id='word_1_170' title='bbox 457 2382 547 2466; x_wconf 89' lang='lat' dir='ltr'>pomi</span> <span class='ocrx_word' id='word_1_171' title='bbox 561 2382 724 2467; x_wconf 90' lang='lat' dir='ltr'>turgentis</span> <span class='ocrx_word' id='word_1_172' title='bbox 736 2381 914 2466; x_wconf 82' lang='lat' dir='ltr'>adquirant.</span> <span class='ocrx_word' id='word_1_173' title='bbox 938 2383 1028 2448; x_wconf 91' lang='lat' dir='ltr'>nasci</span> <span class='ocrx_word' id='word_1_174' title='bbox 1038 2387 1154 2450; x_wconf 90' lang='lat' dir='ltr'>tamen</span> 
     </span>
     <span class='ocr_line' id='line_1_25' title="bbox 139 2470 1153 2557; baseline 0.004 -21"><span class='ocrx_word' id='word_1_175' title='bbox 139 2473 199 2536; x_wconf 88' lang='lat' dir='ltr'>tali</span> <span class='ocrx_word' id='word_1_176' title='bbox 224 2471 293 2535; x_wconf 90' lang='lat' dir='ltr'>solo</span> <span class='ocrx_word' id='word_1_177' title='bbox 318 2470 457 2536; x_wconf 87' lang='lat' dir='ltr'>maxime</span> <span class='ocrx_word' id='word_1_178' title='bbox 481 2470 636 2557; x_wconf 84' lang='lat' dir='ltr'>diligunt,</span> <span class='ocrx_word' id='word_1_179' title='bbox 665 2471 753 2554; x_wconf 92' lang='lat' dir='ltr'>quali</span> <span class='ocrx_word' id='word_1_180' title='bbox 776 2470 888 2536; x_wconf 88' lang='lat' dir='ltr'>uineas</span> <span class='ocrx_word' id='word_1_181' title='bbox 913 2471 1052 2538; x_wconf 87' lang='lat' dir='ltr'>diximus</span> <span class='ocrx_word' id='word_1_182' title='bbox 1077 2495 1153 2540; x_wconf 91' lang='lat' dir='ltr'>con-</span> 
     </span>
     <span class='ocr_line' id='line_1_26' title="bbox 138 2559 1201 2632; baseline 0.007 -8"><span class='ocrx_word' id='word_1_183' title='bbox 138 2559 262 2624; x_wconf 89' lang='lat' dir='ltr'>uenire:</span> <span class='ocrx_word' id='word_1_184' title='bbox 290 2559 347 2624; x_wconf 91' lang='lat' dir='ltr'>sed</span> <span class='ocrx_word' id='word_1_185' title='bbox 374 2561 460 2624; x_wconf 88' lang='lat' dir='ltr'>laeto</span> <span class='ocrx_word' id='word_1_186' title='bbox 489 2559 559 2624; x_wconf 77' lang='lat' dir='ltr'>solo</span> <span class='ocrx_word' id='word_1_187' title='bbox 588 2564 621 2624; x_wconf 89' lang='lat' dir='ltr'>et</span> <span class='ocrx_word' id='word_1_188' title='bbox 647 2559 772 2624; x_wconf 88' lang='lat' dir='ltr'>ualidas</span> <span class='ocrx_word' id='word_1_189' title='bbox 800 2559 933 2624; x_wconf 89' lang='lat' dir='ltr'>arbores</span> <span class='ocrx_word' id='word_1_190' title='bbox 961 2564 994 2624; x_wconf 92' lang='lat' dir='ltr'>et</span> <span class='ocrx_word' id='word_1_191' title='bbox 1021 2561 1150 2628; x_wconf 87' lang='lat' dir='ltr'>fructus</span> <span class='ocrx_word' id='word_1_192' title='bbox 1167 2592 1201 2632; x_wconf 78' lang='lat' dir='ltr'>as</span> 
     </span>
    </p>

    <p class='ocr_par' dir='ltr' id='par_1_7' title="bbox 107 2648 1152 2822">
     <span class='ocr_line' id='line_1_27' title="bbox 107 2648 1151 2733; baseline 0.005 -22"><span class='ocrx_word' id='word_1_193' title='bbox 107 2648 296 2732; x_wconf 83' lang='lat' dir='ltr'>2plurimos</span> <span class='ocrx_word' id='word_1_194' title='bbox 325 2670 567 2732; x_wconf 87' lang='lat' dir='ltr'>consequemur.</span> <span class='ocrx_word' id='word_1_195' title='bbox 612 2648 752 2732; x_wconf 90' lang='lat' dir='ltr'>lapidosi</span> <span class='ocrx_word' id='word_1_196' title='bbox 780 2649 908 2733; x_wconf 91' lang='lat' dir='ltr'>generis</span> <span class='ocrx_word' id='word_1_197' title='bbox 934 2649 1008 2733; x_wconf 91' lang='lat' dir='ltr'>pira</span> <span class='ocrx_word' id='word_1_198' title='bbox 1029 2650 1151 2716; x_wconf 90' lang='lat' dir='ltr'>uitium</span> 
     </span>
     <span class='ocr_line' id='line_1_28' title="bbox 137 2737 1152 2822; baseline 0.005 -21"><span class='ocrx_word' id='word_1_199' title='bbox 137 2741 263 2803; x_wconf 91' lang='lat' dir='ltr'>mutare</span> <span class='ocrx_word' id='word_1_200' title='bbox 288 2737 471 2822; x_wconf 76' lang='lat' dir='ltr'>creduntur,</span> <span class='ocrx_word' id='word_1_201' title='bbox 494 2738 523 2802; x_wconf 91' lang='lat' dir='ltr'>si</span> <span class='ocrx_word' id='word_1_202' title='bbox 541 2737 638 2802; x_wconf 88' lang='lat' dir='ltr'>terris</span> <span class='ocrx_word' id='word_1_203' title='bbox 658 2737 812 2802; x_wconf 90' lang='lat' dir='ltr'>mollibus</span> <span class='ocrx_word' id='word_1_204' title='bbox 833 2742 1055 2804; x_wconf 85' lang='lat' dir='ltr'>conserantur.</span> <span class='ocrx_word' id='word_1_205' title='bbox 1093 2742 1152 2806; x_wconf 92' lang='lat' dir='ltr'>sed</span> 
     </span>
    </p>
   </div>
   <div class='ocr_carea' id='block_1_5' title="bbox 135 2911 1167 3412">
    <p class='ocr_par' dir='ltr' id='par_1_8' title="bbox 135 2911 1167 3420">
     <span class='ocr_line' id='line_1_29' title="bbox 208 2911 1152 2988; baseline 0.002 -22"><span class='ocrx_word' id='word_1_206' title='bbox 208 2919 223 2966; x_wconf 84' lang='lat'><strong>3</strong></span> <span class='ocrx_word' id='word_1_207' title='bbox 242 2911 345 2966; x_wconf 84' lang='lat' dir='ltr'>fertum</span> <span class='ocrx_word' id='word_1_208' title='bbox 363 2912 390 2965; x_wconf 86' lang='lat' dir='ltr'><strong><em>L</em></strong></span> <span class='ocrx_word' id='word_1_209' title='bbox 403 2913 443 2981; x_wconf 69' lang='lat' dir='ltr'>nl</span> <span class='ocrx_word' id='word_1_210' title='bbox 461 2911 777 2982; x_wconf 83' lang='lat' dir='ltr'>melius—separantur</span> <span class='ocrx_word' id='word_1_211' title='bbox 795 2928 845 2966; x_wconf 84' lang='lat' dir='ltr'>om.</span> <span class='ocrx_word' id='word_1_212' title='bbox 857 2929 879 2980; x_wconf 86' lang='lat' dir='ltr'>p</span> <span class='ocrx_word' id='word_1_213' title='bbox 892 2913 901 2982; x_wconf 78' lang='grc' dir='ltr'>ΙΙ</span> <span class='ocrx_word' id='word_1_214' title='bbox 916 2918 931 2965; x_wconf 84' lang='lat'><strong>5</strong></span> <span class='ocrx_word' id='word_1_215' title='bbox 953 2915 1077 2966; x_wconf 88' lang='lat' dir='ltr'>cannata</span> <span class='ocrx_word' id='word_1_216' title='bbox 1093 2915 1126 2968; x_wconf 91' lang='lat' dir='ltr'><strong><em>P</em></strong></span> <span class='ocrx_word' id='word_1_217' title='bbox 1141 2915 1152 2988; x_wconf 80' lang='grc' dir='ltr'>ΙΙ</span> 
     </span>
     <span class='ocr_line' id='line_1_30' title="bbox 137 2982 1151 3054; baseline 0.004 -18"><span class='ocrx_word' id='word_1_218' title='bbox 137 2989 156 3036; x_wconf 58' lang='lat'>6.</span> <span class='ocrx_word' id='word_1_219' title='bbox 173 2983 337 3038; x_wconf 86' lang='lat' dir='ltr'>abscindere</span> <span class='ocrx_word' id='word_1_220' title='bbox 355 2984 481 3054; x_wconf 74' lang='lat' dir='ltr'>Eiucys</span> <span class='ocrx_word' id='word_1_221' title='bbox 503 2987 513 3054; x_wconf 76' lang='lat' dir='ltr'>ll</span> <span class='ocrx_word' id='word_1_222' title='bbox 536 2990 551 3038; x_wconf 80' lang='grc'>7</span> <span class='ocrx_word' id='word_1_223' title='bbox 572 2983 768 3037; x_wconf 88' lang='lat' dir='ltr'>adlineaneam</span> <span class='ocrx_word' id='word_1_224' title='bbox 788 2983 834 3054; x_wconf 75' lang='lat' dir='ltr'>Qll</span> <span class='ocrx_word' id='word_1_225' title='bbox 852 2988 868 3036; x_wconf 83' lang='lat'>8</span> <span class='ocrx_word' id='word_1_226' title='bbox 886 2982 1011 3052; x_wconf 88' lang='lat' dir='ltr'>publinis</span> <span class='ocrx_word' id='word_1_227' title='bbox 1033 2984 1064 3054; x_wconf 79' lang='lat' dir='ltr'>Q,</span> <span class='ocrx_word' id='word_1_228' title='bbox 1083 2983 1151 3040; x_wconf 88' lang='lat' dir='ltr'>bul-</span> 
     </span>
     <span class='ocr_line' id='line_1_31' title="bbox 135 3053 1153 3183; baseline 0.002 -75"><span class='ocrx_word' id='word_1_229' title='bbox 135 3053 211 3108; x_wconf 91' lang='lat' dir='ltr'>binis</span> <span class='ocrx_word' id='word_1_230' title='bbox 229 3054 315 3123; x_wconf 70' lang='lat' dir='ltr'>var,</span> <span class='ocrx_word' id='word_1_231' title='bbox 334 3053 460 3125; x_wconf 90' lang='lat' dir='ltr'>pulbinis</span> <span class='ocrx_word' id='word_1_232' title='bbox 478 3055 509 3109; x_wconf 85' lang='lat' dir='ltr'><strong><em>F</em></strong></span> <span class='ocrx_word' id='word_1_233' title='bbox 526 3055 530 3128; x_wconf 72' lang='lat' dir='ltr'>l</span> <span class='ocrx_word' id='word_1_234' title='bbox 556 3054 653 3109; x_wconf 89' lang='lat' dir='ltr'>oculus</span> <span class='ocrx_word' id='word_1_235' title='bbox 672 3056 699 3112; x_wconf 84' lang='lat' dir='ltr'><em>L</em></span> <span class='ocrx_word' id='word_1_236' title='bbox 715 3056 718 3123; x_wconf 95' lang='grc' dir='ltr'>Ι</span> <span class='ocrx_word' id='word_1_237' title='bbox 744 3053 862 3124; x_wconf 88' lang='lat' dir='ltr'>opordet</span> <span class='ocrx_word' id='word_1_238' title='bbox 883 3054 925 3124; x_wconf 66' lang='lat' dir='ltr'>Q!</span> <span class='ocrx_word' id='word_1_239' title='bbox 945 3053 1074 3110; x_wconf 83' lang='lat' dir='ltr'>infodore</span> <span class='ocrx_word' id='word_1_240' title='bbox 1092 3057 1153 3183; x_wconf 54' lang='lat' dir='ltr'>Pp}</span> 
     </span>
     <span class='ocr_line' id='line_1_32' title="bbox 136 3125 1167 3196; baseline 0.004 -17"><span class='ocrx_word' id='word_1_241' title='bbox 136 3131 201 3180; x_wconf 51' lang='lat' dir='ltr'>9=se</span> <span class='ocrx_word' id='word_1_242' title='bbox 220 3141 269 3179; x_wconf 90' lang='lat' dir='ltr'>om.</span> <span class='ocrx_word' id='word_1_243' title='bbox 287 3126 313 3180; x_wconf 76' lang='lat' dir='ltr'><strong><em>G</em></strong></span> <span class='ocrx_word' id='word_1_244' title='bbox 337 3129 340 3196; x_wconf 90' lang='grc' dir='ltr'>Ι</span> <span class='ocrx_word' id='word_1_245' title='bbox 369 3125 550 3181; x_wconf 89' lang='lat' dir='ltr'>collocassiae</span> <span class='ocrx_word' id='word_1_246' title='bbox 571 3127 611 3193; x_wconf 73' lang='grc' dir='ltr'>Ε,</span> <span class='ocrx_word' id='word_1_247' title='bbox 636 3125 792 3181; x_wconf 86' lang='lat' dir='ltr'>colocasiae</span> <span class='ocrx_word' id='word_1_248' title='bbox 811 3125 941 3180; x_wconf 72' lang='lat' dir='ltr'>editiones</span> <span class='ocrx_word' id='word_1_249' title='bbox 962 3128 972 3196; x_wconf 75' lang='grc' dir='ltr'>ΙΙ</span> <span class='ocrx_word' id='word_1_250' title='bbox 995 3132 1030 3179; x_wconf 90' lang='grc'>10</span> <span class='ocrx_word' id='word_1_251' title='bbox 1050 3144 1137 3183; x_wconf 85' lang='lat' dir='ltr'>aman</span> <span class='ocrx_word' id='word_1_252' title='bbox 1161 3180 1167 3194; x_wconf 91' lang='grc'><em>,</em></span> 
     </span>
     <span class='ocr_line' id='line_1_33' title="bbox 136 3196 1148 3272; baseline 0 -20"><span class='ocrx_word' id='word_1_253' title='bbox 136 3196 211 3252; x_wconf 91' lang='lat' dir='ltr'>enim</span> <span class='ocrx_word' id='word_1_254' title='bbox 230 3197 261 3249; x_wconf 97' lang='grc' dir='ltr'><em>Ε</em></span> <span class='ocrx_word' id='word_1_255' title='bbox 272 3199 281 3266; x_wconf 74' lang='grc' dir='ltr'>ΙΙ</span> <span class='ocrx_word' id='word_1_256' title='bbox 305 3203 337 3250; x_wconf 81' lang='lat'>12</span> <span class='ocrx_word' id='word_1_257' title='bbox 357 3196 503 3252; x_wconf 86' lang='lat' dir='ltr'>caliditate</span> <span class='ocrx_word' id='word_1_258' title='bbox 521 3199 552 3252; x_wconf 85' lang='lat' dir='ltr'><strong><em>E</em></strong></span> <span class='ocrx_word' id='word_1_259' title='bbox 564 3200 574 3267; x_wconf 91' lang='grc' dir='ltr'>ΙΙ</span> <span class='ocrx_word' id='word_1_260' title='bbox 596 3204 630 3251; x_wconf 80' lang='lat'>13</span> <span class='ocrx_word' id='word_1_261' title='bbox 650 3197 765 3252; x_wconf 87' lang='lat' dir='ltr'>fondere</span> <span class='ocrx_word' id='word_1_262' title='bbox 783 3198 811 3251; x_wconf 89' lang='lat' dir='ltr'><strong><em>P</em></strong></span> <span class='ocrx_word' id='word_1_263' title='bbox 832 3197 836 3266; x_wconf 87' lang='grc' dir='ltr'>Ι</span> <span class='ocrx_word' id='word_1_264' title='bbox 859 3213 967 3266; x_wconf 87' lang='lat' dir='ltr'>semper</span> <span class='ocrx_word' id='word_1_265' title='bbox 985 3213 1071 3272; x_wconf 84' lang='lat' dir='ltr'>prope</span> <span class='ocrx_word' id='word_1_266' title='bbox 1089 3199 1148 3272; x_wconf 85' lang='grc' dir='ltr'>ΕΙ</span> 
     </span>
     <span class='ocr_line' id='line_1_34' title="bbox 136 3267 1152 3338; baseline 0.004 -16"><span class='ocrx_word' id='word_1_267' title='bbox 136 3267 238 3322; x_wconf 83' lang='lat' dir='ltr'>citetra</span> <span class='ocrx_word' id='word_1_268' title='bbox 267 3267 304 3335; x_wconf 82' lang='lat' dir='ltr'>G,</span> <span class='ocrx_word' id='word_1_269' title='bbox 333 3267 419 3322; x_wconf 87' lang='lat' dir='ltr'>citreo</span> <span class='ocrx_word' id='word_1_270' title='bbox 446 3269 477 3321; x_wconf 84' lang='lat' dir='ltr'><strong><em>E</em></strong></span> <span class='ocrx_word' id='word_1_271' title='bbox 502 3271 511 3338; x_wconf 82' lang='grc' dir='ltr'>ΙΙ</span> <span class='ocrx_word' id='word_1_272' title='bbox 544 3274 577 3322; x_wconf 80' lang='grc'>14</span> <span class='ocrx_word' id='word_1_273' title='bbox 605 3268 738 3322; x_wconf 88' lang='lat' dir='ltr'>ciminum</span> <span class='ocrx_word' id='word_1_274' title='bbox 766 3267 888 3322; x_wconf 76' lang='lat' dir='ltr'>sTFsa</span> <span class='ocrx_word' id='word_1_275' title='bbox 915 3269 924 3337; x_wconf 75' lang='lat' dir='ltr'>ll</span> <span class='ocrx_word' id='word_1_276' title='bbox 953 3274 986 3322; x_wconf 81' lang='lat'>15</span> <span class='ocrx_word' id='word_1_277' title='bbox 1016 3285 1152 3326; x_wconf 88' lang='lat' dir='ltr'>anessum</span> 
     </span>
     <span class='ocr_line' id='line_1_35' title="bbox 135 3336 1150 3412; baseline 0.004 -19"><span class='ocrx_word' id='word_1_278' title='bbox 135 3338 261 3409; x_wconf 68' lang='lat' dir='ltr'><strong><em>PQVF</em></strong></span> <span class='ocrx_word' id='word_1_279' title='bbox 286 3336 395 3392; x_wconf 86' lang='lat' dir='ltr'>anisum</span> <span class='ocrx_word' id='word_1_280' title='bbox 413 3340 543 3394; x_wconf 78' lang='lat' dir='ltr'>editiones</span> <span class='ocrx_word' id='word_1_281' title='bbox 568 3340 573 3409; x_wconf 76' lang='lat' dir='ltr'>l</span> <span class='ocrx_word' id='word_1_282' title='bbox 598 3339 715 3394; x_wconf 87' lang='lat' dir='ltr'>serimus</span> <span class='ocrx_word' id='word_1_283' title='bbox 732 3339 764 3394; x_wconf 95' lang='grc' dir='ltr'><em>Ε</em></span> <span class='ocrx_word' id='word_1_284' title='bbox 779 3339 789 3412; x_wconf 76' lang='grc' dir='ltr'>ΙΙ</span> <span class='ocrx_word' id='word_1_285' title='bbox 808 3345 842 3394; x_wconf 81' lang='grc'>18</span> <span class='ocrx_word' id='word_1_286' title='bbox 858 3339 908 3393; x_wconf 83' lang='lat' dir='ltr'>DE</span> <span class='ocrx_word' id='word_1_287' title='bbox 927 3338 1021 3394; x_wconf 84' lang='lat' dir='ltr'><strong>PIRIS</strong></span> <span class='ocrx_word' id='word_1_288' title='bbox 1037 3341 1078 3408; x_wconf 88' lang='grc' dir='ltr'>Ε,</span> <span class='ocrx_word' id='word_1_289' title='bbox 1103 3339 1150 3397; x_wconf 90' lang='lat' dir='ltr'>De</span> 
     </span>
    </p>
   </div>
   <div class='ocr_carea' id='block_1_6' title="bbox 134 3381 1151 3559">
    <p class='ocr_par' dir='ltr' id='par_1_9' title="bbox 134 3381 1151 3559">
     <span class='ocr_line' id='line_1_36' title="bbox 134 3381 1151 3488; baseline 0.003 -25"><span class='ocrx_word' id='word_1_290' title='bbox 134 3408 227 3464; x_wconf 90' lang='lat' dir='ltr'>Pomis</span> <span class='ocrx_word' id='word_1_291' title='bbox 251 3381 275 3462; x_wconf 78' lang='lat' dir='ltr'>dr</span> <span class='ocrx_word' id='word_1_292' title='bbox 297 3407 386 3488; x_wconf 89' lang='lat' dir='ltr'>primo</span> <span class='ocrx_word' id='word_1_293' title='bbox 409 3409 445 3464; x_wconf 89' lang='lat' dir='ltr'>de</span> <span class='ocrx_word' id='word_1_294' title='bbox 462 3409 524 3480; x_wconf 88' lang='lat' dir='ltr'>piro</span> <span class='ocrx_word' id='word_1_295' title='bbox 542 3411 589 3478; x_wconf 80' lang='lat' dir='ltr'>ia,</span> <span class='ocrx_word' id='word_1_296' title='bbox 613 3411 769 3481; x_wconf 75' lang='lat' dir='ltr'>deponas,</span> <span class='ocrx_word' id='word_1_297' title='bbox 789 3409 925 3480; x_wconf 89' lang='lat' dir='ltr'>etprimo</span> <span class='ocrx_word' id='word_1_298' title='bbox 949 3411 984 3464; x_wconf 90' lang='lat' dir='ltr'>de</span> <span class='ocrx_word' id='word_1_299' title='bbox 1006 3411 1084 3480; x_wconf 85' lang='lat' dir='ltr'>pyris</span> <span class='ocrx_word' id='word_1_300' title='bbox 1103 3430 1121 3467; x_wconf 86' lang='lat' dir='ltr'>c</span> <span class='ocrx_word' id='word_1_301' title='bbox 1146 3414 1151 3486; x_wconf 74' lang='grc' dir='ltr'>Ι</span> 
     </span>
     <span class='ocr_line' id='line_1_37' title="bbox 136 3478 1151 3559; baseline 0.004 -26"><span class='ocrx_word' id='word_1_302' title='bbox 136 3486 169 3534; x_wconf 88' lang='grc'>19</span> <span class='ocrx_word' id='word_1_303' title='bbox 192 3481 332 3559; x_wconf 71' lang='lat' dir='ltr'>febroario</span> <span class='ocrx_word' id='word_1_304' title='bbox 354 3478 377 3548; x_wconf 74' lang='lat' dir='ltr'><em>Q</em></span> <span class='ocrx_word' id='word_1_305' title='bbox 403 3481 412 3550; x_wconf 76' lang='grc' dir='ltr'>Η</span> <span class='ocrx_word' id='word_1_306' title='bbox 439 3487 473 3534; x_wconf 78' lang='lat'>23</span> <span class='ocrx_word' id='word_1_307' title='bbox 496 3480 610 3551; x_wconf 89' lang='lat' dir='ltr'>ponitur</span> <span class='ocrx_word' id='word_1_308' title='bbox 631 3481 725 3551; x_wconf 84' lang='lat' dir='ltr'>gentis</span> <span class='ocrx_word' id='word_1_309' title='bbox 742 3483 770 3537; x_wconf 85' lang='lat' dir='ltr'><em>L</em></span> <span class='ocrx_word' id='word_1_310' title='bbox 787 3481 798 3554; x_wconf 80' lang='grc' dir='ltr'>ΙΙ</span> <span class='ocrx_word' id='word_1_311' title='bbox 815 3487 850 3535; x_wconf 80' lang='lat'>24</span> <span class='ocrx_word' id='word_1_312' title='bbox 864 3481 953 3550; x_wconf 84' lang='lat' dir='ltr'>quale</span> <span class='ocrx_word' id='word_1_313' title='bbox 971 3481 1063 3537; x_wconf 89' lang='lat' dir='ltr'>uineis</span> <span class='ocrx_word' id='word_1_314' title='bbox 1081 3483 1105 3537; x_wconf 83' lang='lat' dir='ltr'><strong><em>S</em></strong></span> <span class='ocrx_word' id='word_1_315' title='bbox 1141 3529 1151 3554; x_wconf 83' lang='lat'>,</span> 
     </span>
    </p>
   </div>
   <div class='ocr_carea' id='block_1_7' title="bbox 135 3550 436 3620">
    <p class='ocr_par' dir='ltr' id='par_1_10' title="bbox 135 3550 436 3620">
     <span class='ocr_line' id='line_1_38' title="bbox 135 3550 436 3620; baseline 0.003 -17"><span class='ocrx_word' id='word_1_316' title='bbox 135 3551 219 3619; x_wconf 89' lang='lat' dir='ltr'>quale</span> <span class='ocrx_word' id='word_1_317' title='bbox 237 3550 341 3604; x_wconf 88' lang='lat' dir='ltr'>uinct1s</span> <span class='ocrx_word' id='word_1_318' title='bbox 360 3567 436 3620; x_wconf 75' lang='lat' dir='ltr'>acys</span> 
     </span>
    </p>
   </div>
   <div class='ocr_carea' id='block_1_8' title="bbox 0 0 1266 3946">
    <p class='ocr_par' dir='ltr' id='par_1_11' title="bbox 0 0 1266 3946">
     <span class='ocr_line' id='line_1_39' title="bbox 0 0 1266 3946; baseline 0 1"><span class='ocrx_word' id='word_1_319' title='bbox 0 0 1266 3946; x_wconf 95' lang='lat' dir='ltr'> </span> 
     </span>
    </p>
   </div>
  </div>
 </body>
</html>
