2538 3942
438 223 715 279 romono-14
1015 225 1080 293 207

82 373 111 433 et
132 368 336 434 caerefolium
360 369 446 435 circa
470 371 619 436 octobre·
644 371 792 436 calendas
821 375 854 436 et
876 370 1021 438 lactucas
1048 377 1081 437 et

80 458 164 524 betas
194 463 227 524 et
251 459 457 556 coriandrum
480 463 513 524 et
535 459 649 545 primis
674 459 786 524 diebus
810 481 890 544 rapa
913 465 946 525 et
968 483 1080 546 napos.

462 759 522 826 DII
546 759 688 826 POMIS.

137 901 250 967 Mense
277 901 455 987 septembri
479 902 564 968 circa
587 902 736 967 calendas
760 903 910 968 octobres
933 903 985 967 uel
1030 902 1131 969 XIIII

52 989 234 1056 rfebrnario
263 991 398 1056 tubures
427 1013 570 1056 serenius
599 991 712 1056 subole
742 991 795 1056 uel
822 991 958 1076 nucleis,
987 993 1078 1058 cuius

74 1083 181 1144 tenera
204 1079 379 1165 diligenter
401 1080 521 1145 nutriri
542 1080 638 1145 debet
656 1079 804 1144 infantia.
841 1084 988 1146 sumatur
1006 1102 1079 1146 cum

74 1169 234 1235 radicibus
257 1169 372 1253 planta
391 1168 528 1236 diuulsa.
565 1169 687 1234 bubulo
706 1170 784 1234 fimo
803 1168 924 1235 linetur
943 1191 980 1234 ac
999 1170 1079 1235 luto.

73 1261 234 1324 statuatur
259 1256 375 1344 pingui
397 1261 485 1324 terra
509 1261 543 1324 et
566 1259 702 1323 subacta
725 1257 864 1323 subditis
888 1257 1020 1324 conchis
1046 1264 1078 1323 et

73 1347 195 1411 marina
223 1346 311 1430 alga:
339 1347 436 1412 torris
464 1367 583 1432 magna
611 1347 662 1411 sui
689 1352 783 1432 parte
811 1348 975 1413 condatur.
1022 1347 1079 1412 alii
1102 1348 1122 1412 2

39 1436 174 1518 apomis
198 1433 314 1500 statim
337 1456 440 1521 grana
464 1437 598 1501 decussa
621 1439 655 1500 et
678 1435 746 1500 sole
771 1435 892 1502 siccata
910 1436 1024 1522 pingui
1040 1442 1078 1501 et

71 1545 169 1610 prope
194 1524 337 1589 cribrata
355 1529 444 1589 terra
462 1529 619 1591 autumno
639 1524 704 1589 tria
722 1525 820 1590 simul
838 1528 973 1609 ponunt,
997 1546 1078 1609 quae

69 1610 217 1678 feruntur
249 1613 284 1676 in
316 1612 447 1678 unicum
478 1612 565 1679 coire
596 1612 791 1700 uirgultum:
825 1613 911 1698 qnod
944 1613 1079 1679 adsidua

70 1701 231 1786 rigatione
261 1702 439 1766 iuuandum
471 1706 521 1767 est
555 1705 650 1786 atque
682 1702 824 1781 fossura,
857 1724 939 1787 quae
972 1703 1078 1768 solum

68 1789 185 1856 leuiter
199 1790 348 1875 scalpens
363 1789 574 1856 teneritudini
588 1791 689 1856 robur
704 1791 845 1856 inducat.
868 1794 944 1876 post
958 1813 1078 1856 anuum

36 1879 182 1944 udeinde
209 1879 263 1943 uel
293 1879 460 1963 aliquanto
488 1880 627 1964 tardius,
655 1901 736 1964 quae
764 1879 863 1945 fuerit
891 1879 929 1945 de
955 1880 1077 1945 semine

67 1967 194 2052 planta,
217 1969 426 2033 transfertur:
453 1973 486 2033 et
508 1969 571 2034 hoc
594 1990 712 2053 genere
735 1967 861 2034 fructus
884 1968 986 2034 efficit
1009 1969 1077 2033 dul-

67 2056 181 2122 ciores.
217 2079 328 2122 mense
351 2058 498 2123 ianuario
521 2057 637 2122 ultimo
661 2057 715 2122 uel
737 2056 901 2122 februario
920 2057 1076 2122 tuburum
1101 2061 1121 2126 3

68 2147 216 2211 surculus
236 2145 432 2211 mirabiliter
449 2146 580 2232 proficit
599 2146 742 2231 cydoneo
762 2147 890 2211 insitus.
922 2146 1078 2210 inseritur

66 2239 178 2300 autem
205 2235 300 2300 melis
329 2235 479 2301 omnibus
508 2239 541 2299 et
567 2234 648 2320 piris
677 2239 710 2300 et
732 2233 844 2320 prunis
868 2240 901 2299 et
925 2234 1077 2300 calabrici

35 2324 183 2388 romelius
206 2327 324 2389 trunco
347 2325 425 2390 fisso
450 2347 549 2408 quam
572 2323 701 2390 cortice.
743 2324 881 2408 desuper
903 2323 1000 2408 qualo
1024 2323 1077 2388 uel

64 2413 160 2477 fictili
185 2434 262 2477 uase
286 2413 432 2477 munitur
454 2412 587 2497 repletis
610 2434 714 2497 usque
732 2435 833 2498 prope
853 2413 1077 2482 summitatem

66 2501 206 2567 surculis
225 2504 314 2566 terra
330 2502 465 2566 subacta
479 2524 552 2567 cum
567 2505 719 2567 stercore.
742 2505 880 2586 prosunt
895 2500 1079 2587 tuburibus‚

64 2611 148 2672 quae
173 2590 267 2654 melis
290 2591 444 2675 prodesse
467 2590 654 2656 memorari.
691 2590 825 2656 tubures
852 2591 1078 2675 sernabuntur,

65 2676 91 2740 si
119 2679 303 2744 obruantur
330 2679 366 2743 in
393 2679 484 2744 milio
513 2680 565 2744 uel
592 2679 732 2745 urceolis
758 2678 876 2764 picatis
901 2683 934 2746 et
956 2680 1078 2745 oblitis.

137 2877 153 2924 1
178 2869 342 2926 cerofolium
364 2871 405 2940 E,
434 2871 649 2926 cacrofoliumi
675 2874 685 2941 ΙΙ
712 2878 728 2925 2
757 2871 931 2926 coliandrum
953 2870 1049 2924 LVF
1068 2870 1078 2942 ll

63 2945 79 2992 4
99 2941 223 2996 octobris
243 2942 280 3011 E,
300 2959 349 2997 om.
365 2943 396 2996 F
416 2944 425 3012 ll
447 2948 463 2996 5
482 2943 595 2997 tuberes
614 2944 645 2996 Ε
652 2943 805 3014 TGa'ocps
822 2947 830 3024 J
855 2943 907 2997 sub
927 2942 1002 2996 oleru
1021 2941 1052 2994 E
1067 2945 1077 3014 ΙΙ

62 3017 77 3064 6
96 3012 207 3067 nutrire
228 3013 279 3085 Gi
305 3017 460 3067 summetur
478 3014 506 3067 P
526 3016 536 3084 ΙΙ
559 3020 573 3067 7
593 3013 713 3068 obuulsa
730 3015 761 3068 E
780 3021 784 3083 Ι
808 3013 924 3068 Irnietur
941 3013 978 3081 Ε,
997 3011 1077 3066 lime-

62 3085 108 3134 tur
132 3083 165 3152 Τ,
181 3083 300 3138 liniatur
320 3085 353 3154 G,
372 3084 479 3139 linatur
498 3102 575 3166 acps
592 3087 602 3156 ll
625 3090 657 3138 11
676 3086 764 3155 probe
782 3088 818 3156 all
837 3091 870 3139 12
888 3084 977 3138 fertur
995 3083 1051 3139 SE
1070 3085 1074 3158 Ι

62 3156 93 3206 ut
119 3154 234 3210 unicum
252 3156 291 3224 L,
315 3154 461 3210 inimicum
479 3157 515 3225 Ε,
538 3174 569 3210 ιιι
591 3174 679 3210 ιιιιιιιιι
696 3157 823 3227 Eiocps
852 3158 855 3225 Ι
886 3153 1022 3210 adsiduae
1040 3157 1076 3226 L,

61 3224 180 3280 assidue
196 3226 282 3282 VSF
306 3229 316 3296 ΙΙ
344 3234 377 3282 14
397 3243 513 3298 carpene
532 3229 562 3282 Ε
588 3231 597 3299 ll
624 3233 657 3282 15
676 3227 781 3281 fuerint
799 3228 830 3282 Ε
854 3229 864 3298 ll
892 3232 924 3280 17
946 3227 1077 3282 tuberum

62 3296 188 3367 Pecus,
210 3297 376 3353 tuburinum
394 3299 425 3353 F
446 3301 454 3369 lt
478 3303 511 3352 18
535 3298 652 3354 cidoneo
671 3298 729 3366 ST,
754 3299 877 3368 cydenec
896 3298 933 3367 F,
956 3297 1076 3367 cydonio

58 3367 123 3422 cdd.
154 3371 159 3437 Ι
180 3370 322 3424 inseratur
339 3371 371 3424 Ε
395 3373 404 3440 ss
433 3376 466 3423 19
484 3369 567 3424 malis
586 3369 726 3440 E‘tuepa
751 3371 754 3441 l
781 3372 809 3424 et
828 3368 898 3440 piris
917 3386 967 3424 ura.
985 3369 1076 3437 (ἕΕρ,

59 3439 129 3492 incl.
146 3443 222 3512 alet
241 3440 376 3496 calabrici
395 3458 444 3496 om.
457 3443 501 3511 Pl
516 3447 550 3494 20
569 3442 633 3495 fisso
647 3443 746 3494 trunco
761 3442 792 3496 Ε
805 3442 809 3512 l
826 3441 887 3496 calo
902 3442 954 3510 ΕΙΙ
968 3445 1002 3492 22
1016 3457 1076 3492 sur-

61 3508 123 3561 culi
144 3514 180 3582 sl
198 3511 344 3568 tuberibus
363 3511 551 3582 E‘TGacyc
573 3515 582 3582 l
605 3517 639 3565 23
657 3511 740 3564 malis
759 3511 900 3582 E²iacqs
920 3511 924 3583 Ι
945 3508 1074 3563 omnibus

54 3588 126 3647 post
146 3582 223 3637 melis
241 3585 293 3638 ias.
309 3584 340 3638 Ε
354 3586 358 3654 Ι
374 3583 487 3637 tuberes
505 3585 536 3637 E
542 3585 646 3653 Tarpa
659 3585 669 3650 ΙΙ
684 3587 717 3634 24
735 3598 802 3637 urce
821 3579 982 3650 dispiccatis
1001 3580 1032 3634 Ε
