2524 3946
441 222 558 278 AGRIC.
573 223 625 278 ΠΠ
639 230 744 279 13-14
1035 227 1099 292 145

90 391 187 453 anno,
215 391 296 454 quos
323 370 430 451 primo
453 370 607 454 mutauit,
636 375 803 454 exaequat.
849 371 989 455 septimo
1013 395 1099 438 anno

88 480 199 524 omnes
232 458 345 522 dentes
378 458 447 523 eius
476 457 654 543 explentur.
700 459 804 524 latent
831 460 950 526 abhinc
978 463 1098 527 aetatis

86 551 197 612 notae:
231 547 288 611 sed
320 545 582 632 prouectioribns
615 551 763 632 tempora
793 549 902 614 cauari
928 549 1098 634 incipiunt,

87 635 261 720 supercilia
281 656 458 719 canescere,
477 636 590 700 dentes
608 635 798 721 plerumque
816 637 1008 721 prominere.
1036 640 1099 705 hoe

62 743 197 790 smense
234 725 343 789 omnia
371 723 604 809 quadrupedia,
636 725 775 790 maxime
808 747 922 810 equos,
955 733 1098 794 castrare

85 813 251 878 debemus.
357 820 364 830 '

353 955 413 1020 DE
437 954 572 1021 MVLIS
595 956 652 1020 ΕΤ
674 955 831 1022 ASINIS.

153 1078 189 1145 Si
209 1101 302 1163 quem
316 1079 479 1145 mulorum
494 1101 596 1166 genus
612 1103 720 1146 creare
735 1081 883 1163 delectat,
902 1105 1019 1167 equam
1052 1083 1152 1149 XIIII

84 1169 199 1254 magni
218 1168 373 1252 corporis,
392 1168 504 1233 solidis
524 1168 653 1234 ossibus
672 1174 705 1234 et
723 1168 830 1235 forma
849 1172 982 1257 egregia
1000 1171 1098 1236 debet

45 1285 69 1324 ro
84 1258 221 1344 eligere:
248 1255 283 1321 in
311 1279 374 1341 qua
396 1280 463 1322 non
485 1257 708 1342 uelocitatem,
737 1259 794 1323 sed
816 1260 917 1324 robur
940 1259 1096 1344 exquirat.

83 1351 177 1412 aetas
202 1368 221 1409 a
245 1345 413 1430 quadrima
436 1368 537 1430 usque
557 1347 592 1410 in
610 1347 783 1412 decennem
801 1347 878 1413 huic
897 1347 1097 1416 admissurae

81 1437 173 1500 iusta
201 1434 380 1499 conueniet.
427 1435 455 1498 si
489 1435 598 1499 asinus
627 1457 743 1519 equam
770 1435 899 1510 fastidit
926 1438 1097 1521 admissus,

82 1528 251 1589 ostensam
273 1522 365 1608 prius
388 1523 526 1601 asinam,
549 1524 651 1588 donec
674 1525 810 1589 coeundi
833 1526 985 1611 uoluptas
1009 1529 1096 1592 solli·

81 1614 219 1696 citetur,
252 1611 455 1676 adhibemus:
489 1634 553 1696 qua
585 1613 745 1678 subducis
774 1635 891 1699 equam
920 1613 1022 1681 libido
1050 1617 1099 1682 in·

43 1703 189 1770 coitate
208 1723 275 1765 non
298 1704 430 1784 spernet
453 1705 486 1765 et
509 1705 622 1785 raptus
645 1702 818 1767 inlecebris
838 1705 965 1788 generis
988 1705 1039 1769 sui
1062 1707 1098 1771 in

79 1788 335 1876 permetionem
355 1790 536 1854 consentiet
554 1790 660 1855 alieni.
693 1789 721 1855 si
741 1812 853 1856 morsu
871 1792 981 1857 furens
996 1792 1096 1859 laedit
1119 1796 1141 1860 2

81 1880 245 1963 obiectas,
276 1878 495 1964 aliquatenus,
527 1879 638 1944 labore
671 1880 830 1946 mltescat.
881 1885 1032 1946 creantur
1064 1890 1097 1948 et

81 1992 123 2034 ex
148 1988 232 2051 equo
256 1970 290 2031 et
314 1967 405 2031 asina
427 1966 481 2031 uel
505 1989 628 2052 onagro
652 1972 684 2032 et
703 1991 793 2052 equa.
832 1971 889 2034 sed
907 1973 1096 2054 generosius

80 2056 213 2122 nullum
231 2061 281 2120 est
294 2055 481 2121 huiusmodi
496 2056 626 2138 animal,
645 2078 743 2140 quam
758 2059 845 2142 quod
859 2058 951 2123 asino
966 2066 1096 2126 creante

42 2175 68 2216 20
81 2149 245 2210 nascetur.
277 2144 375 2210 utiles
393 2148 504 2210 tamen
523 2145 709 2211 admissarii
726 2150 902 2211 nascentur
919 2169 958 2212 ex
972 2169 1095 2234 onagro

81 2239 117 2299 et
143 2231 247 2298 asina:
275 2233 332 2318 qui
358 2237 435 2318 post
457 2234 492 2299 in
516 2234 628 2299 subole
653 2238 804 2299 secutura
826 2235 1009 2319 agilitatem
1032 2236 1096 2302 for·

81 2321 325 2407 titudinemque
344 2322 528 2387 restituant.
566 2322 776 2388 admissarius
795 2327 905 2389 tamen
924 2325 1033 2390 asinus
1053 2326 1098 2391 stt
1120 2328 1142 2393 3

80 2411 283 2494 huiusmodi,
311 2433 445 2495 corpore
468 2411 588 2498 amplo,
616 2412 731 2498 solido,
753 2413 948 2496 musculoso,
972 2414 1096 2480 strictis

82 2507 118 2564 et
144 2498 285 2564 fortibus
309 2500 474 2586 membris,
496 2501 584 2585 nigri
608 2501 659 2566 uel
678 2500 798 2566 murini
817 2503 957 2567 maxime
977 2504 1096 2569 coloris

39 2622 66 2662 25
83 2593 146 2654 aut
167 2589 273 2652 rubei:
296 2588 352 2673 qui
375 2593 493 2674 tamen,
518 2590 546 2654 si
569 2589 745 2656 discolores
768 2590 853 2674 pilos
876 2591 912 2656 in
932 2593 1097 2676 palpebris

82 2681 145 2743 aut
173 2676 305 2742 auribus
333 2681 437 2763 geret,
466 2678 608 2744 colorem
632 2679 757 2744 subolis
779 2680 969 2765 plerumque
992 2683 1097 2746 uaria-

159 2868 318 2923 lmutabit
335 2869 526 2941 PLQGVF
549 2874 559 2941 ΙΙ
586 2877 602 2924 2
626 2872 723 2925 dentes
742 2889 826 2943 ceap
853 2874 862 2943 ll
890 2878 906 2925 3
924 2874 1025 2926 noctae
1043 2873 1070 2926 L
1089 2873 1095 2953 Ι

83 2938 200 2995 curuari
218 2940 249 2993 Ε
273 2943 283 3010 ss
309 2947 327 2994 4
346 2956 446 2994 canere
464 2942 495 2995 E
513 2945 517 3012 1
539 2941 707 3012 promiscere
726 2944 757 2997 E
777 2947 786 3014 ll
810 2950 825 2997 5
846 2959 930 3011 eques
951 2943 977 2997 G
999 2945 1008 3013 ΙΙ
1031 2948 1047 2996 8
1067 2943 1097 2996 Si

83 3010 202 3080 quidem
216 3011 276 3066 LG
292 3013 295 3082 Ι
313 3028 432 3081 aequam
445 3012 491 3080 Vll
507 3020 540 3067 10
558 3014 641 3067 robor
655 3014 713 3068 PL
726 3018 736 3084 ΙΙ
750 3021 782 3068 11
803 3031 820 3068 a
838 3032 887 3068 om.
904 3014 971 3083 Fqs
987 3014 991 3085 l
1008 3031 1096 3083 usque

85 3083 125 3136 ad
144 3081 174 3136 in
192 3082 233 3151 L,
251 3099 339 3151 usque
359 3084 396 3137 ad
414 3084 441 3138 V
454 3086 458 3153 Ι
473 3083 741 3139 huic-conueniet
759 3103 842 3154 onap
858 3087 862 3154 l
879 3083 1035 3138 admissura
1054 3089 1098 3140 est

83 3153 167 3208 iuxta
176 3154 207 3207 E
218 3156 228 3224 ΙΙ
243 3160 276 3207 12
294 3153 382 3208 visam
396 3171 498 3224 equam
507 3173 547 3225 ps
560 3158 569 3227 Η
584 3161 616 3209 13
636 3156 755 3210 coeundi
769 3173 818 3212 ora.
831 3173 852 3224 p
867 3156 872 3225 Ι
888 3155 1035 3280 uoluptate
1045 3159 1076 3211 E
1088 3158 1098 3230 ll

86 3231 121 3278 14
139 3227 239 3294 postea
258 3223 450 3295 subducimus3
468 3229 497 3280 et
510 3229 577 3280 tunc
586 3243 640 3296 pro
654 3227 831 3282 adhibemus:
851 3243 908 3294 qua
922 3245 954 3280 su
976 3227 1097 3297 ductas,

83 3295 164 3366 prius
183 3312 217 3350 ea
236 3295 428 3351 subducimus:
454 3300 482 3352 et
495 3299 595 3368 tuncp
608 3299 617 3371 ll
632 3304 664 3352 17
685 3298 794 3353 obiecto
810 3298 836 3352 G
852 3299 856 3368 Ι
873 3300 902 3351 et
920 3315 970 3353 orn.
985 3317 1075 3354 omncs

88 3373 122 3422 18
141 3383 176 3421 ex
194 3383 266 3436 equo
286 3370 314 3422 et
335 3367 413 3422 asino
432 3371 451 3437 i,
475 3385 581 3438 exequa
600 3369 709 3422 etasino
730 3369 836 3439 Gacps
844 3369 946 3494 qicqua
965 3369 1036 3423 muli
1048 3387 1083 3450 p,

86 3445 120 3492 21
137 3455 191 3507 que
206 3442 250 3494 est
259 3455 312 3508 pro
325 3439 375 3509 qui
387 3443 451 3510 post
464 3441 491 3494 L
508 3441 511 3510 Ι
528 3440 652 3494 sobolem
668 3442 826 3494 secuturam
889 3441 893 3511 l
910 3443 938 3495 et
955 3441 1098 3495 fortitudl-

85 3525 151 3563 nem
166 3510 193 3566 G
206 3512 216 3579 ΙΙ
231 3516 264 3564 22
283 3509 321 3564 sit
338 3510 433 3565 asinus
451 3510 543 3566 huius.
563 3528 677 3580 corpore
694 3511 724 3565 E
735 3511 792 3634 (Lu
802 3511 938 3582 muniriQ
951 3511 960 3585 ll
975 3518 1008 3565 25
1019 3511 1097 3566 robei

86 3581 146 3634 PL
163 3581 173 3654 Η
192 3586 227 3634 26
246 3583 296 3637 aut
313 3581 428 3636 nuribus
446 3585 563 3654 generet
580 3583 635 3638 SE
650 3586 654 3652 Ι
671 3581 738 3636 sobo
753 3581 774 3634 's
794 3582 824 3635 Ε

140 3681 283 3722 Picumno
297 3681 332 3722 ed.
341 3681 472 3724 Schmitt.
695 3702 697 3708 ·
904 3677 937 3724 10
