2518 3938
183 239 249 302 2ὸο
605 235 776 290 PALLADII
803 315 806 324 Ι

183 383 309 448 excisae
332 382 442 447 trabes
467 381 535 446 eius
559 385 616 446 aut
638 382 672 446 in
695 382 821 465 piscina
845 381 991 466 qualibet
1014 386 1180 448 annotato

183 493 307 536 mersae
330 471 471 536 laterent
493 475 569 555 post
592 471 682 556 operi
705 471 836 535 futurae
857 476 914 536 ant
931 471 1061 537 harenis
1081 473 1182 538 obrue

182 564 296 626 rentur
323 561 358 624 in
385 561 494 642 litore,
523 564 560 624 ut
588 560 825 646 adgestionem‚
856 582 919 645 qua
947 565 1052 626 tectae
1076 565 1182 642 essent,

183 650 318 714 alternis
342 648 486 714 aestibus
512 648 716 732 reciprocans
740 648 858 715 fluctus
883 648 1037 715 ablueret.
1080 650 1181 716 cedrus

182 738 352 821 durabilis,
381 738 445 804 nisi
478 759 590 802 umore
619 741 783 824 tangatur.
831 759 1051 822 quaecumque
1082 743 1210 803 autemr

182 850 221 891 ex
251 832 343 912 parte
373 826 552 892 meridiana
582 827 774 911 caeduntur,
807 827 957 892 utiliores
988 833 1080 894 sunt:
1111 849 1180 912 quae

181 938 258 982 uero
274 939 313 982 ex
329 915 597 1000 septemtrionali,
611 914 822 1000 proceriores,
842 916 898 981 sed
912 915 1008 982 facile
1022 917 1180 982 uitiantur.

218 1129 277 1194 DE
302 1126 675 1195 TRANSFERIINDIS
701 1127 954 1195 ARBORIBVS
977 1128 1157 1196 Mnloals

591 1234 788 1301 AETATIS.

127 1364 206 1429 XVI
273 1362 346 1428 Hoo
377 1384 486 1427 mense
517 1361 597 1426 locis
627 1361 736 1445 siccis,
766 1361 880 1426 calidis
904 1365 937 1426 et
956 1359 1076 1445 apricis
1097 1359 1210 1426 moion

181 1475 232 1518 res
258 1451 391 1517 arbores
415 1451 648 1515 transferemus
672 1450 831 1514 truncatis
854 1451 965 1531 ramis,
987 1450 1122 1516 inlaesis
1143 1471 1183 1513 ra-

181 1541 317 1624 dicibus,
341 1539 445 1605 multo
470 1544 611 1604 stercore
636 1542 669 1603 et
692 1537 910 1624 rigationibus
934 1539 1141 1604 adiuuandae.

182 1754 240 1819 un
261 1751 377 1818 ouno
398 1750 625 1818 unomuuo
648 1751 895 1819 saovuuvn
914 1749 1119 1819 auruncos
1136 1748 1183 1816 nu

542 1857 837 1924 nnuuonuoo.
1236 1867 1237 1945 l

127 1985 224 2053 XVII
293 1983 409 2050 Graeci
435 1985 471 2049 in
494 1984 684 2050 conficiendi
708 1984 772 2049 olei
798 1985 981 2069 praeceptis
1004 1985 1072 2050 ista
1094 1985 1211 2050 insse-o

179 2079 266 2140 runt.
311 2078 441 2138 tantum
470 2073 643 2159 legendum
673 2094 744 2137 esse
767 2073 888 2159 oliuae,
918 2077 1076 2157 quantum
1100 2076 1184 2138 nocte

180 2165 331 2230 ueniente
356 2164 518 2247 possimus
543 2163 731 2247 exprimere.
770 2163 891 2227 molam
913 2163 1020 2245 primo
1045 2162 1118 2228 oleo
1141 2162 1183 2226 de
1235 2225 1236 2265 ,

180 2255 256 2318 bere
288 2251 406 2317 leuiter
439 2274 508 2316 esse
542 2273 742 2335 suspensam.
793 2272 869 2316 osse
906 2251 993 2316 enim
1026 2251 1183 2316 confracta

180 2343 383 2406 sordescunt:
407 2363 505 2424 quare
529 2340 567 2405 de
592 2341 670 2404 solis
695 2340 847 2404 carnibus
871 2340 915 2404 sit
937 2341 1044 2424 prima
1067 2340 1183 2406 confec·

180 2431 237 2496 tio.
293 2430 427 2516 salignis
461 2430 622 2495 canistros
654 2428 725 2493 fieri
757 2428 873 2494 debere
905 2428 1074 2514 uirgultis,
1116 2429 1235 2514 quiam

135 2524 283 2604 2genus
320 2520 382 2584 hoo
420 2519 527 2583 oleum
564 2517 684 2584 dicitur
721 2517 884 2582 adiuuare.
938 2518 1082 2583 nobilius
1120 2517 1183 2598 erit,

181 2609 266 2692 quod
288 2611 404 2692 sponte
423 2607 602 2672 defluxerit.
640 2607 725 2671 sales
745 2605 859 2672 deinde
879 2629 916 2672 ao
934 2607 1059 2671 nitrum
1077 2607 1183 2673 iubent

179 2718 265 2761 nouo
290 2697 361 2761 oleo
385 2696 524 2780 misceri,
546 2701 584 2761 ut
602 2697 682 2761 haec
701 2717 752 2761 res
777 2696 1022 2779 spissitudinem
1046 2696 1116 2761 eius
1135 2696 1181 2759 ab·

180 2787 301 2851 soluat:
335 2784 423 2869 dein,
451 2808 525 2851 cum
553 2807 685 2850 amurca
713 2785 909 2870 subsederit,
938 2785 1045 2850 oleum
1072 2805 1183 2870 purum
1233 2825 1234 2842 .

179 2875 318 2962 triginta
332 2873 445 2939 diebus
460 2875 581 2940 exactis
600 2875 635 2939 in
649 2873 755 2938 nitrea
773 2895 853 2938 uasa
872 2873 1053 2939 transferri.
1081 2891 1212 2939 secun-a
1233 2843 1234 2903 l

180 2966 256 3030 dum
280 2964 380 3029 simili
404 2963 576 3047 disciplina
594 2963 674 3046 fieri,
698 2963 753 3027 sed
772 2963 860 3028 mola
879 2962 1014 3028 fortiore
1035 2959 1184 3048 quassari.

251 3180 264 3225 1
280 3177 341 3228 toto
356 3191 405 3230 om.
418 3175 444 3230 G
458 3177 467 3244 ll
482 3179 497 3226 2
511 3189 620 3227 mersae
634 3189 714 3241 ooap
728 3176 736 3243 ΙΙ
751 3179 766 3226 3
782 3172 819 3226 ad
829 3172 1016 3243 digestionem
1025 3174 1056 3227 E
1067 3173 1077 3246 ll
1090 3181 1107 3227 4
1122 3170 1185 3226 acti·

178 3244 231 3297 bus
250 3245 299 3311 El
316 3248 410 3299 aestus
426 3263 478 3314 pro
497 3244 598 3298 fluctus
613 3262 635 3313 p
651 3246 655 3311 l
672 3243 800 3298 ablueret
821 3244 925 3314 Van,
949 3244 1069 3299 allueret
1085 3246 1162 3300 ceteri

180 3321 195 3367 ‘1
216 3314 412 3384 Septentrione
427 3334 449 3384 p
465 3320 469 3385 Ι
485 3314 623 3369 uitientur
646 3317 693 3384 Vll
715 3321 730 3368 8
750 3314 902 3369 MINORIS
924 3316 972 3384 Gll
994 3322 1026 3369 11
1046 3317 1184 3370 buncatas

179 3385 264 3439 PLS
270 3385 295 3439 G
309 3388 318 3453 ΙΙ
334 3391 366 3437 15
387 3386 558 3440 conficiendo
577 3388 623 3455 ΡΙ
639 3385 682 3439 ita
702 3387 745 3456 G}
766 3392 798 3440 16
818 3386 939 3456 legenda
953 3387 1005 3457 En
1020 3393 1053 3441 19
1072 3385 1185 3442 carnali·

178 3454 232 3507 bus
253 3455 279 3509 G
306 3457 315 3523 ΙΙ
347 3459 381 3507 20
401 3459 430 3508 et
452 3456 487 3509 de
511 3456 628 3526 salignis
648 3459 711 3524 Eo,
739 3389 779 3537 iet
798 3457 832 3510 de
866 3457 984 3527 salignis
1003 3475 1069 3529 ega,
1094 3455 1184 3526 saligi-

179 3523 239 3577 neis
256 3527 297 3592 pl
319 3524 404 3578 debet
422 3527 452 3579 Ε
467 3529 551 3606 lqua
569 3528 599 3580 E
612 3530 621 3596 Η
642 3533 677 3580 24
695 3527 803 3582 Demde
847 3529 1004 3600 EFtocgs
1016 3533 1025 3600 ΙΙ
1047 3536 1080 3584 25
1099 3528 1184 3582 uitreo

180 3609 247 3647 uase
270 3595 297 3647 V
308 3598 317 3662 {l
332 3600 365 3646 26
385 3611 489 3649 cassan
507 3598 538 3650 Ε
