2556 3942
499 212 694 268 coniciet
1060 215 1103 286 35

88 361 159 426 sine
186 360 258 424 luto
283 362 439 444 congesta
461 359 496 422 in
519 359 666 426 ordinem
690 380 769 424 saxa
792 363 987 443 conponunt.
1023 381 1102 424 uou-

85 449 172 516 nulli
198 447 298 514 fossis
326 448 434 530 spatia
460 446 595 512 colenda
622 448 848 534 praecingunt:
882 449 968 534 quod
998 450 1102 514 uitau-

87 539 166 604 dum
189 541 249 621 est,
272 537 350 620 quia
371 537 470 602 horto
493 537 645 603 subducit
664 558 800 613 umores,
823 538 887 602 nisi
906 537 991 602 forte
1010 537 1101 603 locus

85 625 245 712 palustris
269 625 405 692 colatur.
443 625 501 690 alii
524 625 691 710 spinarum
713 626 845 709 plantas
868 630 902 692 et
924 626 1049 692 semina
1068 628 1101 692 in

61 715 273 785 emunitione
296 713 482 799 disponunt.
519 715 576 778 sed
598 713 714 778 melius
739 715 802 779 erit
824 715 898 780 rubi
922 715 1046 780 semina
1068 720 1102 780 et
1125 713 1146 778 5

86 807 210 890 spinae,
233 825 318 888 quae
340 804 441 869 rubus
465 803 599 870 caninus
622 806 768 887 uocatur,
796 808 925 870 matura
947 804 1100 889 colligere

85 901 121 961 et
144 915 220 959 cum
241 893 348 958 farina
371 890 441 958 erui
463 913 503 956 ex
524 913 610 976 aqua
633 896 797 957 macerata
823 893 973 958 miscere:
1007 891 1100 958 funes

85 982 204 1048 dehinc
231 985 379 1066 sparteus
407 984 535 1046 ueteres
562 980 625 1046 boc
649 1001 767 1066 genere
792 979 959 1047 mixtionis
983 981 1031 1046 sic
1055 981 1101 1046 in-

84 1073 215 1155 ducere,
236 1074 274 1134 ut
295 1070 383 1134 intra
401 1069 494 1134 tunes
515 1069 640 1134 semina
658 1074 789 1153 recepta
808 1075 979 1136 seruentur
996 1091 1100 1153 usque

41 1190 67 1228 ιο
83 1161 127 1226 ad
154 1159 248 1224 nerui
275 1158 432 1243 temporis
459 1157 563 1222 initia.
610 1163 687 1222 tunc
713 1159 771 1223 ubi
794 1160 880 1243 sepis
903 1158 1016 1223 futura
1039 1165 1098 1241 est,
1122 1161 1142 1226 6

83 1251 169 1315 duos
193 1248 300 1313 sulcos
323 1248 430 1312 tribus
453 1268 473 1310 a
495 1267 530 1311 se
552 1246 689 1331 pedibus
709 1252 877 1332 separatos
897 1246 1098 1332 sesquipedis

81 1337 259 1404 altitudine
282 1335 438 1401 faciemus
458 1338 491 1399 et
509 1357 568 1419 per
585 1339 742 1419 utrosque
760 1335 854 1400 funes
874 1359 948 1401 cum
967 1337 1098 1401 semini-

80 1429 147 1492 bus
172 1425 345 1491 obruemus
368 1424 434 1488 leui
457 1428 553 1488 terra
590 1422 639 1488 ita
661 1424 829 1490 tricesima
847 1425 898 1490 die
917 1426 1099 1510 procedunt

81 1519 210 1599 sentes,
242 1535 323 1597 quos
351 1516 480 1577 teneros
509 1512 714 1578 adminiculis
743 1535 824 1597 opus
852 1519 903 1578 est
931 1515 1098 1580 adiuuare:

39 1634 65 1674 15
81 1605 141 1690 qui
165 1602 252 1667 inter
275 1625 309 1668 se
332 1623 390 1686 per
412 1601 521 1686 spatia
543 1623 647 1666 uacua
670 1601 784 1668 relicta
806 1602 990 1688 iungentur.

151 1690 268 1758 Partes
292 1713 370 1756 sane
392 1691 482 1755 horti
506 1690 553 1755 sic
576 1690 768 1755 diuidendae
791 1695 883 1775 sunt,
908 1699 945 1758 ut
966 1690 1041 1776 hae,
1064 1691 1097 1756 in
1123 1696 1141 1759 7

79 1782 205 1867 quibus
238 1784 394 1846 autumno
426 1779 657 1864 seminabitur,
688 1801 788 1846 uerno
821 1784 967 1864 tempore
998 1781 1097 1865 pesti-

77 1873 216 1937 neutur:
249 1891 329 1953 quas
362 1868 542 1933 seminibus
574 1889 650 1932 uere
677 1867 915 1953 complebimus,
948 1868 1097 1934 autumni

78 1966 233 2043 tempore
260 1957 450 2023 debebimus
478 1955 624 2022 effodere.
674 1958 721 2022 ita
749 1962 886 2041 utraque
916 1958 1097 2041 pastinatio

35 2077 63 2115 eo
78 2050 283 2131 decoquatur
300 2045 457 2112 beneficio
476 2045 598 2131 algoris
618 2051 676 2110 aut
693 2046 781 2112 solis.
818 2068 910 2112 areae
930 2046 1096 2112 faciendae

78 2141 162 2202 sunt
190 2135 396 2220 angustiores
420 2137 453 2198 et
475 2133 606 2219 longae,
633 2134 667 2198 id
693 2139 757 2219 est,
785 2135 954 2201 duodecim
977 2135 1096 2219 pedum

75 2225 289 2311 longitudine
307 2228 341 2290 ct
360 2245 416 2288 sex
433 2223 616 2306 latitudine,
640 2223 687 2288 sic
705 2227 839 2308 propter
858 2226 965 2308 spatia
984 2224 1096 2290 utrim-

76 2337 145 2400 que
178 2312 348 2398 purganda
378 2312 511 2378 diuisae.
562 2312 726 2398 margines
763 2334 841 2377 uero
871 2334 982 2378 earum
1014 2313 1095 2378 locis

75 2402 202 2469 umidis
230 2401 284 2466 uel
312 2400 451 2486 inriguis
479 2400 605 2465 duobus
629 2401 766 2484 pedibus
790 2400 970 2486 erigantur:
1000 2402 1095 2467 siccis

32 2520 60 2560 25
75 2515 147 2558 uno
173 2489 327 2556 extulisse
346 2489 496 2554 sufficiet.
531 2489 618 2554 iuter
640 2511 741 2573 areas,
765 2491 793 2554 si
811 2511 905 2554 umor
924 2489 1095 2556 consueuit

77 2580 230 2664 effluere,
256 2578 365 2664 spatia
393 2578 513 2643 altiora
540 2575 621 2662 ipsis
649 2579 732 2643 areis
759 2599 829 2643 esse
853 2579 1030 2666 debebunt,
1057 2586 1095 2645 ut

76 2669 211 2735 facilius
244 2668 448 2753 ingrediatur
480 2688 589 2731 aream
617 2666 656 2730 de
689 2665 848 2754 superiori
875 2672 967 2752 parte
1000 2691 1095 2734 umor

154 2865 170 2914 1
189 2859 220 2914 iu
237 2858 336 2914 ordine
354 2859 414 2913 ΥΕ
434 2861 444 2928 11
466 2864 482 2910 2
506 2858 671 2913 collocanda
689 2860 720 2912 Ε
740 2861 749 2928 11
776 2865 794 2912 4
816 2857 950 2929 plaustris
968 2860 1008 2928 L,
1032 2859 1095 2930 plu-

74 2932 146 2987 strie
168 2932 194 2986 G
216 2934 226 3002 11
249 2937 265 2985 6
284 2929 421 2984 cenninus
443 2929 478 3000 11,
502 2933 620 2984 uocatur
638 2929 754 2983 caninus
775 2931 801 2984 V
823 2933 826 3000 Ι
851 2933 963 2984 matura
981 2947 1032 2984 om.
1044 2949 1067 3000 p
1086 2933 1093 2998 11

75 3010 92 3058 7
115 3007 145 3058 et
164 3019 215 3058 ooo.
229 3001 317 3058 LVS
331 3003 335 3072 1
351 3017 385 3055 ex
403 3017 461 3068 qua
478 3000 519 3054 L¹
541 3003 551 3071 11
573 3007 589 3054 8
609 2999 710 3054 deinde
725 3019 748 3070 p
764 3001 771 3082 1
787 3001 841 3055 hoc
860 3017 961 3072 genere
980 3018 1066 3071 coep
1085 2999 1094 3073 11

72 3073 217 3130 mixtione
240 3072 264 3126 si
282 3073 321 3140 L,
344 3070 474 3126 mixtioni
498 3071 539 3126 sio
561 3071 621 3141 Qu,
644 3071 787 3126 mixtionis
810 3071 941 3126 inducere
963 3072 1093 3141 SFGE,

72 3145 118 3202 sic
137 3146 203 3200 incl.
219 3161 255 3216 cp
272 3147 281 3214 11
300 3150 315 3198 9
333 3143 408 3199 inter
427 3143 458 3197 E
469 3145 478 3212 11
493 3149 526 3197 10
544 3142 649 3212 teporis
669 3144 712 3217 Vl
729 3159 808 3213 sepes
826 3143 959 3214 SEc‘oys
973 3145 982 3212 11
997 3149 1030 3197 11
1051 3161 1093 3198 se·

71 3219 195 3288 paratos
214 3215 348 3297 iaciemus
367 3212 488 3283 sesquip.
508 3213 556 3268 alt.
576 3216 605 3267 et
618 3215 649 3268 Ε
660 3216 670 3284 11
685 3219 718 3268 15
737 3213 839 3282 quibus
857 3213 932 3268 inter
950 3231 980 3269 ee
999 3219 1092 3270 sentes

72 3287 428 3427 succubuerat
443 3287 565 3425 eeu}
582 3286 1093 3429 {transmunde

70 3431 178 3486 bemus
189 3429 351 3511 uVFeE
362 3430 372 3509 11
386 3433 420 3482 20
439 3427 633 3509 dequoquetur
642 3429 673 3482 Ε
687 3430 691 3499 1
708 3425 853 3508 ιιιιεοΙίεΕ
866 3430 875 3497 11
890 3434 921 3480 21
943 3427 1026 3498 longe
1044 3427 1092 3550 θ11

71 3509 110 3556 22
135 3503 169 3556 et
190 3502 248 3554 emt
268 3503 332 3570 (pro
351 3501 400 3553 sict
420 3498 487 3567 SE,
510 3501 542 3552 ut
565 3501 622 3553 erut
640 3516 717 3569 ceps
740 3502 743 3571 1
769 3499 895 3566 utusque
915 3499 941 3553 G
964 3501 973 3568 11
1001 3504 1034 3551 27
1055 3515 1071 3552 a

73 3589 178 3627 aream
197 3573 246 3644 Ε1
263 3569 356 3641 superi
374 3571 445 3641 DQ,
464 3569 606 3640 superiore
623 3570 692 3640 Fys

896 3657 934 3710 3*
