2524 3946
448 205 566 261 Auara.
581 206 620 259 HI
635 211 739 261 16-17
1059 207 1101 271 87

91 352 167 437 gitis
191 374 289 437 supra
311 352 419 417 lutum
442 353 548 437 possit
571 353 720 417 surculus
740 352 890 418 eminere.
926 353 1101 436 plerosque

91 442 228 506 delectat
255 441 407 506 strictum
434 442 540 524 primo
569 446 677 506 sectae
705 442 831 506 arboris
856 444 1009 507 truncum
1032 442 1102 506 uin-

92 530 167 594 culis
196 529 373 595 artioribus
401 531 437 593 in
464 531 570 595 medio
598 531 720 595 findere
748 535 783 595 et
809 530 858 594 ibi
886 531 1034 595 surculos
1062 553 1101 595 ex

91 622 224 703 utraque
251 623 344 703 parte
373 641 464 684 rasos
492 620 528 683 in
551 620 683 683 modum
707 619 815 704 cunei,
841 623 878 683 ut
903 619 1032 704 integra
1056 621 1101 685 sit

68 708 238 792 medulla,
262 709 448 793 demergere
472 709 651 792 praemisso
676 712 751 772 ante
771 709 916 792 cuneolo,
939 728 1003 791 quo
1026 709 1101 773 sub-

89 796 185 861 ducto
208 797 375 881 depositus
399 798 547 862 surculus
571 797 724 862 redeunte
747 798 783 861 in
805 798 939 882 plagam
960 797 1100 862 materia

88 886 193 967 possit
216 885 364 971 astringi.
402 887 459 950 sed
481 887 543 950 hoc
566 890 741 970 utrumque
765 907 869 971 genus
892 907 1030 950 uernum
1049 890 1099 950 est
1122 889 1145 952 4

86 979 118 1038 et
141 975 183 1038 fit
205 979 368 1040 crescente
387 976 474 1058 luna,
497 975 554 1039 ubi
572 976 689 1058 incipit
708 976 864 1039 arborum
882 996 1012 1060 gemma
1030 979 1096 1039 tur-

86 1085 226 1147 gescere.
255 1064 377 1128 surculi
392 1068 511 1148 autem,
530 1065 586 1148 qui
603 1064 767 1129 inserendi
780 1068 866 1148 sunt,
886 1065 953 1128 sint
966 1064 1099 1148 nouelli,

49 1152 225 1234 infertiles,
255 1152 384 1236 nodosi,
417 1155 455 1216 de
486 1174 572 1217 nouo
600 1153 683 1236 nati,
716 1154 757 1217 ab
789 1152 941 1217 orientali
972 1153 1099 1217 arboris

14 1317 15 1322 γ
83 1245 180 1324 parte
207 1242 320 1323 decisi,
348 1241 561 1307 crassitudine
592 1242 689 1328 digiti
717 1243 866 1324 minoris,
898 1242 1018 1306 bifurci
1046 1243 1099 1306 uel

84 1330 223 1410 trifurei,
242 1330 379 1414 gemmis
396 1331 546 1415 pluribus
560 1331 697 1395 uberati.
731 1331 758 1394 si
774 1331 924 1396 arborem
939 1329 1098 1395 minorem
1122 1331 1144 1398 5

83 1419 284 1483 desiderabis
317 1420 472 1500 inserere,
505 1421 540 1483 iu
568 1442 632 1502 qua
661 1420 729 1484 sine
760 1420 858 1484 dubio
888 1419 1026 1484 meliora
1052 1421 1099 1484 in-

83 1512 251 1572 crementa
282 1509 492 1591 proueniunt,
525 1509 610 1572 cirea
643 1513 764 1573 terram
796 1513 918 1573 secato:
951 1513 984 1573 et
1013 1509 1100 1593 quod

46 1622 68 1661 15
83 1597 202 1662 melius
227 1601 286 1680 est,
310 1597 455 1663 surculos
476 1598 562 1661 inter
581 1597 708 1682 lignum
727 1597 945 1680 corticemque
964 1599 1098 1681 depone,

82 1691 162 1751 tunc
188 1686 322 1770 stringe.
359 1685 491 1770 quidam
514 1708 625 1750 rasum
649 1709 687 1750 ex
710 1691 849 1770 utraque
872 1691 966 1769 parte
990 1709 1101 1752 surcu-

81 1776 152 1840 lum
179 1774 426 1839 conuenientem
450 1775 609 1839 soliditati
633 1776 760 1840 arboris
784 1774 969 1840 inferendae
993 1776 1040 1841 sic
1063 1776 1099 1841 in

80 1864 191 1928 medio
226 1863 407 1947 deponunt,
439 1870 477 1927 ut
509 1870 621 1928 cortex
654 1863 775 1929 surculi
807 1863 949 1947 undique
982 1865 1099 1930 cortici

80 1952 213 2018 arboris
236 1952 389 2016 reddatur
408 1953 563 2038 aequalis.
598 1953 655 2016 sed
674 1953 708 2016 in
727 1952 857 2016 nouella
876 1953 991 2017 arbore
1010 1958 1099 2018 terra

43 2068 67 2105 so
81 2047 175 2107 mota
201 2063 303 2125 usque
332 2042 372 2105 ad
399 2043 508 2126 ipsum
535 2042 672 2105 insitum
701 2040 888 2126 colligatur:
917 2063 999 2125 quae
1025 2065 1098 2106 eam

79 2153 131 2196 res
158 2153 179 2194 a
200 2135 299 2194 uento
319 2134 352 2193 et
371 2132 478 2194 calore
497 2130 657 2195 defendet.
694 2131 775 2194 mihi
795 2130 937 2195 adseruit
956 2131 1096 2215 diligens
1120 2132 1141 2196 6

79 2220 230 2306 agricola
258 2240 352 2282 omne
379 2220 516 2284 insitum
544 2220 612 2284 sine
641 2219 740 2283 dubio
767 2219 1040 2303 conprehendere,
1068 2220 1097 2284 si

80 2308 242 2394 depositis
276 2309 414 2372 surculis
447 2310 574 2372 uiscum
605 2330 672 2372 non
704 2311 923 2391 temperatum
955 2308 990 2372 in
1024 2309 1097 2392 ipsa

79 2399 182 2482 plaga
209 2398 333 2480 pariter
356 2419 542 2482 mergamus
567 2398 660 2480 quasi
684 2398 811 2481 glutino
837 2398 976 2478 quodam
1001 2419 1096 2462 sucos

41 2511 66 2551 aa
80 2486 240 2551 materiae
268 2485 437 2570 utriusque
466 2486 652 2550 mixturam.
698 2485 737 2550 de
761 2486 1012 2569 inplastratione
1037 2509 1095 2551 suo

80 2597 194 2640 mense
227 2575 379 2639 dicemus.
426 2581 578 2659 quartum
612 2597 714 2660 genus
744 2572 926 2639 Columella
958 2575 1005 2640 sic
1033 2580 1097 2639 ret-

78 2664 169 2732 tulit.
202 2664 321 2748 gallica
339 2665 469 2728 terebra
488 2685 589 2747 usque
609 2664 649 2727 ad
668 2664 845 2728 medullam
862 2665 1012 2729 arborem
1026 2687 1097 2748 per·
1122 2667 1140 2730 7

78 2753 253 2818 forandam
278 2753 377 2836 plaga
399 2753 537 2817 interius
562 2753 679 2817 leuiter
702 2753 867 2818 inclinata.
908 2754 956 2817 ibi
979 2755 1095 2817 educto

155 2932 273 2995 lsuper
291 2944 309 2980 a
331 2929 340 2996 ll
363 2931 379 2979 3
399 2925 547 2980 altioribus
568 2927 640 2996 QFa'
666 2929 675 2996 ll
702 2925 879 2994 trecisosp
901 2929 910 2995 ll
938 2924 1022 2996 tqui
1041 2927 1072 2980 E
1087 2926 1097 2999 ll

79 3005 96 3052 6
116 2996 262 3066 depositos
280 2999 307 3052 L
323 3000 327 3068 l
343 2997 430 3066 plaga
448 2999 479 3051 E
493 3001 496 3070 l
512 2997 662 3052 materiam
679 2998 710 3050 E
726 3001 735 3067 ll
759 3004 773 3050 7
794 2997 916 3066 extringi
934 2997 990 3052 SE
1014 2998 1017 3068 l
1043 2998 1097 3052 hoc

78 3087 131 3124 om.
150 3069 174 3138 Q
190 3071 193 3139 l
210 3068 284 3122 ueris
301 3069 379 3137 Glt8
398 3069 512 3136 quando
524 3086 576 3136 pro
590 3068 642 3123 ubi
651 3087 673 3136 p
689 3072 692 3139 Ι
709 3085 821 3139 gemma
836 3068 966 3148 arborum
980 3070 1075 3150 torpa

78 3139 256 3264 geltlflltl
274 3140 377 3266 ἕλιξ)
387 3138 912 3281 adllutalllllt‘llbffldlllrl
925 3142 1095 3280 aral,

78 3229 160 3350 isira)
187 3286 196 3351 ΙΙ
225 3289 256 3335 17
277 3255 422 3336 soliditate
441 3284 472 3350 V,
492 3282 632 3336 solidatae
650 3283 681 3336 Ε
707 3285 715 3352 ΙΙ
744 3230 777 3335 tqo
803 3280 1037 3351 colligatumque;
1062 3299 1096 3337 ea

78 3371 124 3408 res
143 3354 175 3408 Ε
187 3356 196 3422 ΙΙ
210 3359 242 3407 21
263 3353 398 3407 defendat
417 3354 459 3407 La·
473 3358 481 3423 ll
496 3360 530 3407 24
548 3353 694 3407 mittamus
713 3354 762 3421 ΕΙ
779 3370 861 3406 sucus
881 3353 909 3420 S,
929 3371 1027 3407 succus
1044 3355 1075 3406 Ε
1086 3353 1097 3425 ΙΙ

79 3431 115 3478 25
134 3424 386 3494 demplastratione
405 3425 532 3495 PLQT,
556 3425 604 3477 DE
623 3423 849 3494 implastratione
868 3425 916 3493 St,
940 3425 981 3478 De
1004 3424 1096 3492 inpla-

78 3495 321 3622 {gamalam
349 3497 391 3550 De
419 3495 649 3566 emplastratione
676 3497 755 3550 ceteri
782 3498 790 3564 ll
824 3502 857 3550 26
885 3513 1001 3564 quarum
1034 3495 1060 3550 G
1086 3495 1097 3569 ll
