2524 3946
167 201 210 265 80
588 200 756 254 PALLADE

122 347 145 412 4
168 350 257 411 terra
271 345 462 411 cumuletur.
486 345 543 410 sed
553 347 688 411 arbusta
698 347 754 430 qui
763 345 871 430 faciet,
884 347 1016 431 plantas
1025 347 1182 412 arborum

168 436 207 500 de
220 433 273 500 his
289 434 461 520 generibus
478 436 609 518 ponat*
641 435 694 500 uel
713 435 742 500 si
756 456 835 521 agro
856 435 1002 520 subpetit
1016 435 1181 500 abundan-

168 525 224 608 tia,
247 521 300 587 his
323 528 444 624 utatur,
467 525 599 608 populo,
622 522 720 604 ulmo,
748 524 874 589 fraxino
898 524 933 588 in
956 525 1123 589 montanis
1147 530 1181 589 et

144 634 360 767 aaa}
375 613 957 767 ttt'tdltt.tttlttttl·
990 613 1218 769 lttttt.

169 795 232 874 tur,
256 790 333 874 quia
354 790 447 854 nulla
468 791 638 875 prouincia
661 795 720 876 est,
744 812 827 874 quae
849 812 916 855 non
939 813 977 854 ex
998 791 1050 855 his
1070 813 1183 875 quam·

170 902 307 964 cumque
327 882 442 963 sponte
462 879 629 964 producat,
647 880 778 964 plantas
797 880 863 944 iarn
882 880 1021 944 maiores
1041 881 1080 944 de
1099 881 1183 946 locis
1252 899 1253 962 j

171 969 429 1053 quibuscumque
455 969 632 1034 translatas
656 968 709 1032 uel
732 989 845 1032 eorum
868 990 1023 1054 generum
1047 972 1183 1034 truncos

171 1058 334 1122 radicatos
362 1056 424 1122 hoc
452 1063 599 1142 tempore
632 1057 718 1122 circa
745 1058 894 1122 scrobem
921 1058 1000 1122 uitis
1029 1062 1183 1141 oportere

128 1145 150 1211 5
172 1147 336 1212 constitui.
374 1147 431 1211 sed
450 1147 477 1211 si
497 1168 575 1232 ager
592 1145 825 1210 frumentarius
844 1145 953 1229 luerit,
971 1145 1028 1210 ubi
1048 1147 1185 1212 arbusta
1197 1174 1220 1212 10

172 1236 338 1321 dispones,
371 1237 594 1322 quadragenos
623 1235 720 1320 pedes
749 1235 835 1299 inter
863 1237 996 1300 arbores
1026 1234 1184 1320 relinque,

172 1329 210 1388 ut
233 1325 298 1388 seri
320 1325 436 1410 possit,
459 1325 493 1389 in
517 1323 593 1389 exili
613 1328 722 1388 autern
740 1321 881 1389 uicenos.
918 1324 953 1389 in
971 1324 1085 1389 scrobe
1104 1346 1184 1390 uero

173 1413 253 1478 uitis
278 1414 319 1478 ab
342 1416 458 1479 arbore
479 1435 538 1478 sua
558 1413 758 1499 sesquipedis
778 1413 884 1497 spatio
903 1412 1024 1477 distare
1043 1413 1185 1479 debebit.

172 1523 250 1567 nam
273 1501 352 1568 uitis
376 1503 516 1568 multum
540 1501 687 1566 subiecta
707 1502 818 1567 arbori
836 1502 1036 1567 incremento
1056 1503 1185 1568 arboris

175 1591 386 1675 obprimatur.
440 1592 547 1656 causis
584 1590 685 1656 etiam
721 1591 894 1655 munienda
930 1595 981 1655 est
1013 1591 1188 1657 aduersum
1200 1617 1223 1656 15

175 1681 303 1765 pecoris
336 1681 520 1766 adpetentis
552 1680 687 1744 iniurias
718 1684 751 1744 et
783 1680 893 1745 arbori
926 1701 1003 1744 suae
1035 1682 1186 1763 protinus

133 1767 350 1854 dalliganda.
397 1775 448 1835 est
481 1774 514 1833 et
547 1769 636 1834 aliud
664 1769 702 1832 de
731 1768 954 1834 transferenda
981 1791 1021 1832 ex
1051 1770 1187 1834 arbusto
1253 1763 1254 1812 1

175 1857 242 1922 uite
267 1860 491 1943 conpendium.
530 1859 568 1921 fit
591 1880 630 1922 ex
648 1857 769 1922 uimine
788 1879 890 1942 parua
909 1857 1083 1942 corbicula,
1107 1880 1188 1943 quae

176 1969 361 2013 mensuram
393 1947 484 2033 pedis
516 1947 569 2011 uel
602 1946 769 2030 aliquanto
801 1947 908 2010 minus
940 1945 1053 2011 circini
1081 1946 1188 2030 spatio

176 2036 281 2120 possit
305 2037 466 2122 amplecti.
503 2035 583 2100 haec
608 2036 648 2100 ad
673 2035 831 2120 arborem,
855 2036 907 2100 cui
924 2035 1004 2099 uitis
1024 2035 1188 2119 adhaeret,
1203 2063 1226 2100 a

176 2125 281 2192 fertur
304 2131 337 2191 et
360 2126 395 2191 in
418 2124 510 2189 fundi
533 2125 639 2188 media
661 2128 754 2208 parte
778 2124 994 2208 pertunditur,
1019 2124 1105 2207 quod
1123 2147 1190 2190 sar·

135 2212 153 2275 'l
179 2216 281 2279 menti
308 2215 438 2301 uirgam
464 2214 571 2298 possit
599 2213 780 2278 admittere.
827 2213 959 2278 inducto
987 2213 1099 2296 itaque
1123 2235 1190 2278 sar·

178 2309 289 2369 mento
308 2305 387 2369 uitis
408 2303 486 2388 eius,
510 2303 548 2366 de
569 2323 633 2385 qua
651 2302 827 2366 transferre
846 2301 1001 2386 disponis,
1024 2302 1192 2367 corticula
1254 2379 1255 2394 ,

178 2393 251 2476 ipsa
273 2415 313 2458 ex
336 2392 445 2476 aliqua
468 2389 594 2457 arboris
612 2394 705 2475 parte
726 2391 934 2475 suspenditur
953 2395 986 2455 et
1004 2391 1081 2454 uiua
1101 2396 1193 2456 terra
1254 2423 1255 2436 ¹

178 2483 340 2567 repletur,
371 2487 409 2545 ut
441 2485 641 2545 sarmentum
673 2483 761 2544 terra
793 2480 899 2564 possit
932 2479 1069 2564 includi,
1104 2480 1230 2563 quoda

180 2574 379 2635 sarmentum
403 2571 494 2654 prius
518 2571 733 2654 intorquetur.
777 2569 826 2632 ita
849 2573 962 2633 exacto
989 2568 1088 2632 annui
1110 2573 1194 2633 tem-

253 2786 267 2833 1
288 2779 443 2833 comuletur
460 2781 486 2834 L
503 2780 506 2846 1
524 2795 596 2848 quae
614 2777 722 2832 faciant
742 2779 768 2833 G
782 2781 819 2849 112
839 2780 981 2847 ponantur
996 2779 1021 2834 G
1037 2779 1042 2848 1
1057 2779 1101 2832 vel
1120 2779 1147 2832 si
1165 2782 1196 2834 ic

181 2852 335 2920 codicesque
358 2858 467 2920 praeter
495 2852 532 2919 G,
561 2851 609 2919 qai
637 2849 693 2903 Sed
720 2849 744 2902 si
769 2851 849 2904 tabet
870 2853 879 2920 11
902 2855 918 2902 3
945 2849 990 2902 his
1018 2853 1115 2904 utatur
1143 2867 1195 2905 om.

181 2940 258 2993 arpa
279 2923 282 2994 1
303 2921 382 2976 fraxo
402 2921 595 2992 PLQVSE,
619 2920 713 2974 fracco
735 2923 760 2975 Τ
779 2923 788 2990 11
812 2927 827 2974 6
852 2921 928 2989 quod
950 2922 1063 2993 torpel
1084 2921 1121 2975 sit
1145 2940 1165 2976 α
1185 2923 1196 2994 11

184 2992 305 3046 'tetiam
323 2995 416 3064 iacps
443 2996 452 3062 11
480 2993 655 3047 Stranslata
674 2991 807 3062 PLQF,
826 2991 972 3046 translatis
994 2993 1020 3046 Τ
1038 2996 1048 3062 11
1076 2999 1111 3046 10
1129 3010 1197 3046 con-

183 3063 269 3118 stitue
290 3064 382 3134 111111
403 3063 528 3134 disponis
547 3081 637 3118 omnes
650 3066 659 3133 11
675 3069 708 3116 12
726 3062 756 3116 in
775 3063 873 3118 scrobe
894 3065 989 3116 autem
1007 3064 1038 3117 Ε
1050 3066 1059 3133 11
1074 3069 1106 3117 13
1125 3063 1197 3117 uitis

183 3135 317 3189 —arbori
340 3153 390 3190 em.
412 3137 439 3190 G
462 3137 467 3206 1
492 3134 657 3205 sesquipede
681 3134 723 3187 V²
749 3137 758 3204 11
786 3141 820 3187 14
844 3133 971 3188 subiecta
992 3134 1113 3188 multum
1138 3136 1170 3189 E
1188 3137 1199 3207 11

185 3210 218 3259 15
238 3205 347 3274 Oavep
367 3211 371 3276 1
393 3208 527 3260 aduersus
546 3207 576 3260 Ε
597 3209 607 3276 11
630 3211 663 3258 17
684 3204 816 3275 alliganti
837 3207 883 3275 G¹‚
903 3204 1054 3274 alligandis
1076 3206 1123 3274 G’,
1144 3210 1197 3261 est.

184 3279 214 3330 et
230 3278 263 3344 G,
283 3277 428 3346 alliganda
447 3281 496 3332 est.
520 3278 572 3330 Est
590 3280 620 3331 et
634 3276 704 3330 am·
720 3279 723 3346 1
741 3275 827 3330 alium
844 3277 871 3331 G
886 3279 889 3346 1
905 3277 1132 3331 transferendum
1149 3277 1176 3332 G
1189 3279 1199 3349 11

186 3353 219 3401 18
238 3347 297 3402 uite
317 3364 351 3400 ex
370 3349 485 3403 arbusto
505 3348 566 3416 SE,
586 3347 639 3400 uiti
661 3347 757 3418 61119
776 3364 907 3402 mensura
926 3348 1064 3418 Pthac
1077 3350 1087 3419 11
1100 3353 1135 3402 20
1155 3347 1200 3401 in-

184 3419 284 3473 haeret
302 3434 378 3487 ceps
400 3422 409 3488 11
433 3426 465 3472 21
485 3418 647 3488 profundit
672 3421 676 3488 1
702 3419 796 3486 quoad
815 3421 855 3487 E,
879 3437 935 3487 quo
953 3421 1046 3490 iacps
1068 3422 1077 3489 11
1100 3425 1135 3473 25
1155 3436 1199 3474 re-

186 3488 299 3558 pleatur
316 3491 328 3540 i
343 3491 348 3560 1
364 3491 393 3542 et
411 3493 443 3542 ut
461 3491 560 3556 Ε1126
581 3493 751 3544 sarmentum
769 3491 833 3545 incl.
852 3490 1020 3563 petitaque
1039 3492 1070 3545 E
1084 3495 1088 3558 1
1109 3490 1199 3545 annui

186 3576 236 3613 em.
252 3561 293 3625 E,
314 3559 381 3612 anni
398 3561 477 3615 habet
497 3561 523 3615 G
