2518 3938
176 201 240 266 238
596 202 766 258 PALLADII

175 347 297 432 ligatos
322 345 419 412 simul
444 369 518 412 cum
541 348 608 412 suis
633 349 760 414 ossibus
780 349 898 414 obruas
919 351 1110 435 diligentius
1127 353 1173 416 ad-

131 437 152 502 4
176 434 355 501 haerentes.
393 456 513 521 genera
536 457 647 500 eorum
667 441 744 501 sunt
761 437 850 520 haec,
873 439 1028 504 duracina
1050 441 1174 524 persica,

175 545 357 610 praecoqua
376 523 542 590 armenia·
567 526 595 589 si
618 525 699 590 haec
721 527 819 592 arbor
841 528 956 593 ardore
979 529 1060 592 solis
1083 529 1174 594 inare

175 613 247 698 scit,
262 613 424 698 frequenti
439 613 627 700 adgestione
643 615 832 698 cumuletur,
853 617 1040 701 uespertino
1054 617 1174 682 iuuetur

174 723 301 786 umore,
329 703 465 768 obiectis
493 702 684 768 defendatur
710 703 920 770 umbraculis.
964 706 1058 770 iuuat
1083 707 1118 770 in
1142 729 1203 772 eas

174 795 208 856 et
231 791 372 876 spolium
396 791 555 876 serpentis
580 793 726 876 adpendi.
762 815 846 859 nnnc
869 793 934 858 iam
959 799 1075 860 contra
1096 795 1172 879 prui-

173 901 232 946 nas
256 884 381 946 stercus
404 879 573 966 ingeratur
594 881 720 965 persico
738 883 792 946 nel
815 882 900 948 feces
918 883 988 948 uini
1007 905 1082 948 cum
1100 905 1174 969 aqua

173 969 351 1054 permixtae
371 969 432 1054 uel,
452 968 538 1056 quod
556 971 662 1056 magis
681 970 824 1057 prodest,
846 994 940 1056 aqua,
963 971 997 1036 in
1021 995 1086 1056 qua
1104 972 1172 1038 laba

128 1057 306 1126 tdeeoctc
337 1062 394 1124 est.
445 1057 474 1122 si
506 1080 633 1124 uermes
666 1059 810 1144 persicus
841 1061 980 1145 patitur,
1012 1061 1095 1126 cinis
1124 1083 1171 1126 eos

172 1169 321 1214 amurcae
346 1145 469 1213 mixtus
492 1147 661 1234 extinguet
683 1149 737 1213 uel
759 1149 853 1214 bouis
878 1150 971 1214 urina
999 1172 1074 1214 cum
1097 1149 1203 1215 aretin

171 1236 270 1302 tertia
293 1241 386 1322 parte
410 1235 552 1302 confusa.
598 1237 627 1301 si
649 1258 748 1321 poma
775 1239 894 1303 caduca
922 1243 1013 1320 sunt,
1039 1239 1172 1304 nudatae

171 1325 272 1392 radici
296 1327 365 1392 eius
393 1326 448 1390 uel
475 1329 590 1394 trunco
618 1326 748 1391 lentisci
771 1331 828 1392 aut
856 1327 1036 1392 terebinthi
1059 1349 1172 1394 cuneus

171 1413 332 1500 adfigatur
356 1415 407 1480 uel
432 1415 615 1480 terebratae
643 1414 678 1478 in
700 1415 805 1481 medio
828 1417 922 1500 palus
947 1415 1055 1482 salicis
1082 1416 1174 1501 inpri-

171 1506 286 1570 matur.
333 1504 362 1568 ei
391 1525 489 1588 poma
518 1525 638 1590 rugosa
673 1505 796 1569 creabit
828 1510 886 1570 aut
917 1505 1061 1590 putrida,
1095 1506 1173 1570 circa

169 1591 271 1657 imum
295 1595 447 1658 truncum
466 1595 576 1658 cortex
595 1593 758 1658 recidatur
776 1597 819 1679 et,
842 1617 916 1660 cnm
938 1593 1012 1659 inde
1031 1594 1171 1660 modicus
1184 1619 1203 1660 u

169 1701 263 1746 umor
290 1680 465 1767 effluxerit,
495 1682 612 1768 argilla
638 1682 691 1747 uel
719 1683 848 1766 paleato
875 1684 947 1748 luto
975 1683 1076 1768 plaga
1097 1687 1173 1748 rete-

125 1769 273 1855 egetur.
320 1791 439 1857 magna
461 1791 559 1855 poma
581 1772 724 1855 persicus
753 1772 872 1857 adfert,
903 1772 932 1837 si
962 1772 1093 1837 florenti
1120 1795 1172 1856 per

169 1859 313 1924 triduum
345 1862 456 1926 ternos
494 1859 653 1925 sextarios
689 1860 813 1944 caprini
848 1861 945 1926 lactis
976 1861 1171 1947 ingresseris.

169 1950 282 2014 contra
301 1948 383 2013 uitia
400 1947 519 2034 persici
537 1949 668 2034 proficit
689 1954 838 2034 spartum
860 1950 1000 2036 ligatum
1017 1949 1071 2014 uel
1090 1972 1172 2033 spar-

167 2040 221 2102 tea
244 2058 401 2122 suspensa
424 2038 462 2104 dc
486 2038 594 2104 ramis.
632 2060 741 2104 mense
764 2038 912 2104 ianuario
936 2039 988 2103 uel
1012 2038 1203 2104 februarius
1236 2093 1237 2106 ,

167 2125 246 2192 locis
284 2125 426 2213 frigidis,
465 2128 636 2192 nouembri
673 2127 786 2192 calidis
823 2127 969 2212 persicus
1006 2127 1171 2207 inseratur,

167 2215 306 2281 maxime
339 2215 425 2281 circa
457 2219 577 2281 terram
611 2216 750 2281 surculis
782 2216 982 2301 plenioribus
1010 2221 1045 2282 et
1075 2238 1171 2301 prope

167 2304 316 2370 arborem
339 2303 432 2370 natis.
478 2327 553 2370 nam
578 2305 745 2370 cacumina
767 2306 821 2370 uel
848 2328 915 2371 non
941 2307 1100 2370 tenebunt
1121 2304 1171 2368 uel

167 2392 221 2457 diu
249 2392 365 2458 durare
392 2415 458 2458 non
484 2397 650 2478 poterunt.
695 2393 850 2459 inseritur
872 2394 907 2458 in
930 2416 979 2478 se,
1006 2395 1041 2458 in
1064 2413 1171 2478 amyg-

166 2481 254 2566 dalo,
283 2481 318 2545 in
348 2503 466 2565 pruno:
497 2483 553 2549 aed
583 2483 728 2548 armenia
757 2483 809 2548 uel
839 2505 1022 2567 praecoqua
1051 2483 1202 2568 pannias
1236 2523 1237 2544 1

165 2567 319 2634 duracina
352 2571 533 2656 amygdalis
566 2572 682 2637 melius
715 2571 947 2638 adhaerescunt
980 2574 1014 2636 et
1045 2575 1170 2655 tempus
1236 2579 1237 2656 1

236 2780 548 2848 agenore-Armenia
567 2799 616 2836 om.
633 2799 664 2851 p,
683 2782 745 2837 incl.
765 2799 800 2852 ps
823 2783 827 2853 1
850 2781 1105 2836 duracina-haec
1123 2797 1170 2836 om.

164 2849 266 2920 PLG,
286 2851 317 2906 tn
331 2852 454 2922 marpice
472 2853 550 2907 tabet
573 2853 600 2907 V
615 2855 711 2909 orniam
725 2869 895 2923 praecoqua,
920 2855 992 2922 quod
1014 2855 1095 2908 mium
1114 2855 1145 2908 ie
1161 2853 1172 2905 i

163 2921 334 2978 desideratur
350 2923 354 2993 1
370 2921 503 2977 Armenia
522 2923 657 2979 duracina
670 2939 829 2995 praecoqua
847 2926 872 2978 Τ
882 2927 891 2994 11
905 2930 921 2977 3
935 2941 1095 2994 praecoqua
1108 2925 1172 2978 Pcr-

163 2990 222 3046 aica
235 3010 282 3062 pa,
301 3009 469 3064 praecoqua,
483 2993 593 3063 persica
607 3013 644 3050 cc
660 2997 664 3066 1
680 2995 827 3050 marcessit
837 2997 868 3049 F
879 2999 888 3066 11
902 3001 917 3049 5
932 2993 1172 3065 iuuat—adpendi

162 3079 212 3117 om.
228 3079 250 3132 p
266 3069 270 3134 1
286 3063 315 3118 in
335 3080 397 3119 eam
416 3066 446 3118 E
464 3068 473 3135 11
496 3065 589 3119 711111
608 3083 699 3135 aquae
717 3066 822 3121 mixtae
843 3067 868 3122 G
888 3069 898 3136 11
919 3073 935 3121 8
959 3066 1091 3136 prodeest
1114 3067 1142 3119 P
1163 3065 1173 3137 11

163 3138 178 3186 9
197 3131 257 3186 eiua
272 3133 298 3188 L
312 3137 316 3204 1
338 3142 370 3190 10
385 3135 525 3206 extinguit
543 3138 635 3206 inops
649 3138 658 3208 11
673 3143 706 3190 13
722 3137 851 3192 adficitur
866 3139 935 3204 PL,
955 3136 1089 3208 adfigitur
1107 3135 1171 3203 VO,

161 3201 293 3272 affigetur
332 3249 338 3274 ,
358 3206 483 3277 affigitur
501 3208 604 3278 Eicps
624 3211 633 3278 11
655 3213 688 3260 14
706 3208 801 3278 putria
819 3209 912 3264 ΒΕΘ
925 3212 935 3278 l
954 3215 986 3263 16
1005 3208 1113 3280 plagna
1130 3223 1172 3261 re-

160 3275 294 3342 teguntur
311 3277 342 3329 E
353 3279 362 3346 11
378 3283 409 3330 17
429 3277 686 3333 florenti-contra
705 3297 754 3334 om.
774 3281 805 3334 E
823 3283 832 3350 11
854 3286 886 3334 18
905 3279 992 3333 trium
1010 3280 1036 3334 L
1049 3283 1059 3350 1
1074 3286 1106 3334 19
1126 3278 1172 3334 uel

161 3360 210 3398 orn.
231 3343 287 3398 SE
312 3348 321 3414 11
349 3353 380 3398 21
402 3347 500 3402 calidis
523 3348 592 3402 locis
611 3350 642 3402 E
667 3352 676 3418 11
704 3356 737 3402 22
763 3349 937 3421 planioribus
961 3351 1069 3424 Ε1123
1089 3350 1171 3404 Nunc

157 3429 210 3480 pro
228 3431 294 3468 nam
308 3416 358 3495 111}
376 3422 410 3469 24
428 3421 579 3486 potnerunt
599 3419 631 3488 S,
657 3437 714 3473 non
733 3424 865 3490 poterunt
887 3422 986 3476 durare
1011 3423 1036 3478 Τ
1057 3423 1062 3494 1
1091 3421 1122 3476 in
1141 3435 1171 3474 se

161 3499 218 3602 quq
235 3485 440 3607 Lpgfflssdffl
464 3489 514 3543 VS
526 3492 535 3558 11
550 3495 582 3543 25
601 3489 711 3560 persica
724 3509 778 3560 pro
796 3494 983 3562 praecoquae·
1001 3493 1011 3566 11
1029 3499 1062 3548 26
1082 3492 1172 3561 amig-

182 3567 234 3604 ars
307 3597 313 3608 .
