2524 3946
167 221 231 288 134
587 219 758 274 PALLADII

164 368 393 451 infundantur,
420 371 457 433 ut
481 370 624 432 enatent.
669 369 841 431 seruantur
868 369 901 430 ct
928 365 1038 452 melle,
1065 367 1119 432 sed
1144 369 1169 432 si

163 458 263 522 nimis
288 460 417 522 matura
441 455 622 541 collegeris.
1235 463 1236 468 ’

110 545 154 612 23
232 545 292 611 DE
316 543 430 612 FIOV.
472 543 594 611 Calidis
622 543 703 608 locis
731 544 784 609 fici
811 543 924 627 planta
951 544 1095 609 radicata
1118 568 1171 610 uo

165 635 292 700 uembri
320 655 445 718 meuse,
476 633 668 716 temperatis
696 631 873 717 februario,
903 631 1032 717 frigidis
1059 634 1170 700 melius

164 724 285 790 martio
307 723 361 788 uel
385 721 482 808 aprili
504 721 655 807 ponenda
677 725 741 786 est:
765 722 793 785 ri
811 721 932 786 taleam
950 722 1003 786 uel
1022 744 1171 788 cacumen
1190 745 1198 784 a

164 835 276 898 ponas,
295 811 412 877 ultimo
432 811 538 896 aprili,
557 832 631 875 cum
650 811 680 874 ei
699 832 733 875 se
750 810 886 875 uiridior
900 832 996 875 sucus
1009 810 1171 878 infuderit.

163 904 296 987 plautae
319 902 354 966 in
377 901 492 966 scrobe
516 901 682 984 depositae
705 897 830 983 lapides
852 899 1071 964 substituendi
1090 907 1173 986 sunt,
1237 951 1238 962 ,

164 992 204 1057 ad
232 991 373 1056 radicem
401 989 479 1054 fimo
503 992 593 1053 terra
616 987 781 1053 miscenda
804 992 863 1053 est.
909 987 938 1052 si
960 988 1033 1053 loca
1054 988 1173 1075 frigida

165 1083 254 1164 sunt,
281 1080 469 1165 plantarum
497 1075 665 1142 cacumina
691 1075 805 1142 diuisis
835 1099 955 1142 cannae
983 1077 1171 1143 internodiis

110 1167 378 1234 2411111111
406 1166 580 1250 afrigore.
627 1166 655 1231 si
679 1187 832 1230 cacumen
854 1165 937 1230 uelis
960 1187 1093 1251 ponere,
1119 1169 1200 1232 tri-o
1238 1195 1239 1220 1

164 1258 290 1323 sulcum
317 1278 445 1321 ramum
473 1257 598 1320 bimum
624 1254 677 1318 uel
700 1255 835 1318 trimum
858 1254 899 1318 ab
923 1253 1059 1318 australi
1082 1262 1173 1340 parte

164 1345 290 1412 decides
315 1349 348 1410 et
371 1343 418 1410 sic
442 1345 569 1428 obrues,
592 1348 630 1408 ut
654 1342 759 1409 diuisa
782 1343 948 1408 cacumina
971 1347 1060 1408 terra
1078 1345 1174 1410 inter-
1239 1368 1240 1440 1

163 1435 288 1500 iacente
312 1433 403 1499 uelut
426 1436 493 1498 tres
516 1433 664 1499 surculos
687 1432 831 1497 reddant.
869 1432 988 1496 taleam
1011 1433 1057 1498 sic
1080 1455 1174 1517 pone
1239 1455 1240 1478 1

164 1545 251 1607 mus,
279 1528 317 1587 ut
345 1526 466 1608 cetera,
497 1523 549 1587 cui
577 1521 695 1587 leuiter
722 1523 763 1585 ab
792 1520 905 1585 infima
931 1524 1023 1605 parte
1052 1521 1173 1588 diuisae

164 1611 307 1696 lapidem
338 1631 522 1696 mergamus
560 1611 593 1675 iu
625 1610 712 1675 fisso.
764 1631 824 1695 ego
862 1631 972 1674 mense
1007 1608 1203 1676 februarius

164 1700 281 1766 ultimo
309 1699 363 1764 uel
391 1699 510 1764 martio
538 1698 572 1763 iu
595 1698 694 1763 Italia
720 1698 849 1783 plantas
877 1699 1015 1784 grandes
1038 1698 1174 1765 ficorum

163 1811 222 1873 per
244 1789 447 1874 pastinatum
471 1789 577 1854 solum
601 1787 747 1872 disposui
775 1791 808 1851 et
831 1809 868 1851 eo
892 1808 976 1851 auno
999 1809 1099 1871 poma
1122 1812 1173 1875 pe·
1240 1801 1241 1816 *

164 1882 321 1962 pererunt
334 1899 433 1962 supra
447 1876 728 1960 conprehendendi
740 1874 931 1940 felicitatem
946 1875 1036 1941 uelut
1049 1877 1174 1942 tributa

111 1967 155 2034 25
165 1967 342 2033 reddentes.
380 1966 536 2052 legendae
560 1969 637 2067 sunt
659 1965 801 2050 plantae,
823 1965 858 2029 in
882 1964 1173 2066 quibusfrequens

163 2056 268 2122 nodus
287 2055 467 2121 extuberat.
503 2054 632 2119 stanles
652 2053 836 2138 creduntur,
855 2075 937 2138 quae
954 2053 1079 2118 urtrdae
1098 2059 1174 2120 sunt
1186 2077 1206 2116 ro

164 2151 197 2210 ct
225 2145 337 2212 oculos
365 2166 443 2210 suos
469 2166 528 2228 per
555 2143 654 2227 longa
681 2141 866 2207 internodia
893 2142 1100 2207 distulerunt.
1148 2144 1173 2207 si

163 2235 311 2318 plantam
339 2232 392 2299 fici
420 2233 510 2317 prius
538 2233 664 2296 nutrias
693 2232 728 2294 in
758 2231 931 2295 seminario
956 2234 989 2295 ct
1011 2237 1174 2296 maturam

163 2322 341 2388 transferas
373 2323 408 2386 in
440 2322 604 2404 scrobem,
635 2341 734 2404 poma
766 2319 976 2405 generosiora
1006 2321 1173 2405 producat.

164 2412 266 2496 aliqui
298 2410 438 2475 multum
467 2411 621 2494 prodesse
649 2408 858 2493 confirmant,
891 2408 919 2473 si
946 2407 1093 2494 plantam
1121 2409 1175 2474 fici

163 2500 269 2564 diuiso
298 2499 434 2583 squillae
461 2499 562 2564 bulbo
587 2497 774 2562 intersitam
798 2497 1010 2582 strictamque
1034 2497 1173 2563 uinculis
1186 2519 1208 2559 a

164 2587 378 2652 conlocemus.
424 2587 555 2653 scrobes
588 2590 678 2653 amat
705 2587 803 2672 altas,
833 2587 1009 2651 interualla
1042 2587 1174 2669 maiora,

163 2680 269 2741 terrae
302 2697 404 2763 genus
437 2677 553 2742 durum
586 2680 619 2741 et
649 2676 770 2761 graeile
798 2679 831 2740 et
859 2676 982 2740 siccum
1010 2697 1072 2758 pro
1101 2673 1174 2740 utili

111 2766 154 2833 26
165 2787 279 2852 sapore
302 2786 483 2850 pomorum.
522 2766 675 2849 prouenit
699 2768 731 2829 et
753 2765 896 2848 petrosis
920 2770 1018 2848 atque
1038 2764 1176 2849 asperis:

163 2860 272 2921 tamen
295 2857 406 2939 potest
429 2854 509 2920 loeis
530 2876 632 2939 prope
651 2853 802 2918 omnibus
822 2851 894 2918 seri.
932 2852 1068 2938 quaein
1086 2873 1176 2918 mon·

235 3087 248 3134 1
270 3081 401 3138 innatant
418 3101 431 3139 s
449 3084 458 3152 11
477 3088 492 3136 2
512 3081 605 3136 minus
623 3084 698 3153 iocp
716 3085 725 3153 11
744 3087 759 3135 3
779 3081 847 3134 ficus
866 3082 897 3134 Ε
907 3083 947 3150 14
965 3079 1100 3135 fabruarii
1119 3077 1149 3132 Ε
1169 3079 1173 3148 1

163 3151 267 3222 frigido
281 3153 375 3208 medio
389 3153 494 3209 marcio
509 3153 545 3222 F,
559 3152 660 3207 melius
675 3155 780 3222 111111
795 3157 810 3206 1
829 3150 907 3205 talea
920 3152 951 3205 E
962 3155 1001 3220 16
1018 3149 1111 3206 ultimi
1125 3148 1152 3203 L
1166 3149 1176 3219 1

165 3228 181 3276 7
200 3223 326 3277 scrobem
343 3226 370 3279 G
383 3228 392 3295 11
409 3230 440 3279 10
459 3223 816 3294 1111111113111111111
829 3221 876 3276 uel
889 3222 996 3276 trinum
1009 3222 1041 3277 Ε
1052 3226 1061 3293 11
1075 3228 1107 3275 12
1127 3219 1176 3272 de-

165 3292 244 3347 cidas
262 3295 408 3363 1119113
427 3294 519 3349 sulcos
534 3296 585 3364 Ε1
600 3301 633 3347 14
652 3297 684 3348 ut
703 3299 732 3348 et
750 3297 862 3348 caetera
880 3293 923 3364 V}
940 3293 1106 3364 1111111117
1124 3305 1175 3360 pe-

164 3379 262 3431 perere
278 3363 472 3434 (1111911118
492 3363 691 3434 comprehendi
705 3365 735 3419 E
749 3366 753 3437 1
769 3363 907 3418 tributum
922 3364 953 3418 E
964 3367 973 3434 11
988 3370 1022 3418 20
1042 3363 1177 3419 exuberat

165 3433 269 3502 1611
283 3438 316 3486 21
336 3432 442 3502 longua
460 3435 559 3503 Ε1122
577 3433 737 3502 plantatam
755 3437 782 3489 L
798 3438 802 3504 1
818 3435 886 3488 ficus
905 3435 936 3488 E
949 3435 954 3505 1
968 3434 1047 3504 prius
1065 3447 1148 3499 111»

166 3507 200 3554 23
220 3519 356 3572 generosa
375 3503 474 3624 Ε1124
493 3503 756 3572 aliqui-procedit
773 3507 1003 3574 (1111301111)
1039 3506 1105 3558 ficus
1118 3501 1150 3555 Ε

166 3577 201 3623 25
214 3572 300 3626 bolbo
314 3572 346 3639 V,
360 3571 411 3624 bul
423 3589 439 3626 o
449 3574 480 3626 Ε
491 3575 500 3642 11
515 3577 548 3627 28
562 3573 710 3642 proueniat
719 3575 749 3629 Ε
759 3577 769 3644 11
783 3580 816 3628 29
831 3573 901 3628 locis
910 3577 1004 3643 potest
1058 3578 1061 3647 1
1077 3570 1135 3628 fieri
