2518 3938
153 197 219 264 244
575 200 745 255 assamur

153 347 187 408 et
209 364 308 409 nuces
331 343 515 430 iuglandes,
544 347 572 411 si
595 347 630 412 in
653 348 851 434 seminariis,
880 371 944 433 quo
967 350 1095 416 dietum
1119 357 1169 418 est

155 452 253 518 more,
276 439 470 520 pangentur.

438 655 461 700 δ
532 647 591 714 Dn
618 648 788 716 APIBVS.

99 787 180 856 VIII
257 789 363 857 Huius
397 792 517 858 mensis
550 792 645 858 initio
679 815 756 878 apos
785 816 823 858 ex
852 794 1003 860 tamarici
1031 796 1169 862 floribus

153 879 351 966 reliquisque
380 879 586 947 siluestribus
621 883 718 947 mella
746 882 935 948 conficiunt:
969 905 1052 967 quae
1082 885 1205 953 aufe-s

154 970 253 1036 reuda
270 992 336 1036 non
355 974 441 1062 sunt,
460 969 536 1054 quia
555 977 727 1036 seruantur
743 969 904 1037 hiberno.¹
922 973 1037 1038 eodem
1056 995 1169 1039 mense

153 1059 304 1126 sordibus
334 1059 495 1125 liberandi
525 1065 603 1124 sunt
631 1061 729 1145 aluei,
762 1061 838 1145 quia
870 1065 942 1128 tota
968 1061 1077 1127 hieme
1112 1085 1169 1128 eos

153 1171 284 1216 mouere
298 1153 356 1215 aut
370 1149 495 1233 aperire
508 1169 576 1213 non
593 1171 776 1234 possumus.
810 1149 865 1215 sed
884 1149 964 1215 haee
982 1151 1034 1215 die
1056 1152 1170 1236 aprico

155 1237 328 1324 tepidoque
347 1237 495 1304 facienda
513 1242 599 1320 sunt,
619 1242 655 1303 ut
674 1239 790 1322 pennis
810 1239 949 1304 maxime
968 1240 1082 1304 auium
1101 1263 1169 1306 ma-

152 1325 274 1413 iorum,
297 1349 378 1414 quae
401 1327 524 1392 habent
545 1327 698 1413 rigorem,
720 1328 774 1392 uel
797 1328 907 1412 aliquo
931 1327 1032 1393 simili
1055 1331 1170 1394 onmia
1183 1357 1204 1396 ιο

153 1415 310 1482 interiora
338 1417 546 1499 mundentur,
577 1437 640 1500 quo
671 1438 786 1482 manus
813 1439 881 1482 non
908 1417 1033 1482 ualebit
1061 1419 1169 1484 adtin-

110 1507 130 1570 2
155 1525 239 1590 gero.
285 1508 357 1571 tum
381 1505 480 1570 rimas
505 1527 625 1589 omnes,
650 1528 731 1590 quae
755 1509 832 1571 sunt
856 1507 1071 1590 extrinsecus,
1095 1508 1169 1574 luto

153 1596 185 1658 et
204 1593 281 1660 fimo
301 1595 421 1660 bubulo
441 1594 553 1659 mixtis
572 1595 726 1660 linamus:
750 1599 783 1660 et
797 1595 929 1680 insuper
948 1597 1094 1680 genesiis
1114 1598 1169 1662 uel

152 1682 226 1748 aliis
250 1683 448 1770 tegumentis
473 1683 719 1749 similitudinem
748 1684 895 1768 portious
919 1685 1102 1768 imitemur,
1130 1690 1169 1750 ut

152 1775 280 1858 possint
304 1795 323 1838 a
345 1772 468 1859 frigore
492 1777 525 1837 et
547 1774 743 1856 tempestate
767 1772 903 1838 defendi.
1181 1801 1203 1841 a

207 2056 449 2124 REMIIDIVM
473 2054 665 2136 VITIBVS‚
689 2054 809 2134 QVAE
834 2055 934 2122 SINE
959 2056 1113 2123 FRVGE

525 2179 795 2247 LVXVRIANT.

101 2324 202 2392 VIIII
269 2323 365 2391 Locis
385 2324 497 2390 calidis
517 2328 550 2388 et
569 2323 687 2408 apriois
704 2324 799 2406 uites,
818 2344 900 2406 quae
918 2321 1027 2386 fructu
1046 2329 1169 2408 carent,

152 2415 265 2480 fronde
282 2413 448 2481 luxuriant
462 2417 495 2478 et
509 2412 697 2497 pauperiem
716 2411 841 2476 fetuum
857 2414 1058 2495 conpensant
1072 2413 1169 2478 uber-

152 2507 220 2570 tate
247 2502 414 2588 foliorum,
444 2523 530 2568 nuno
561 2501 704 2586 pressius
728 2505 843 2584 putare
867 2500 1050 2585 conueniet,
1074 2501 1168 2588 frigi·
1181 2529 1205 2568 a

152 2591 201 2656 dis
225 2613 302 2657 uero
327 2613 436 2658 mense
460 2589 632 2656 februario.
671 2590 698 2654 si
721 2590 926 2673 permanebit
948 2588 1011 2653 hoo
1034 2589 1167 2676 uitium,

153 2679 382 2748 oiroumfossas
404 2680 527 2746 harena
549 2679 674 2745 fluuiali
698 2677 751 2743 uel
770 2679 875 2743 einere
894 2678 1085 2743 debebimus
1111 2681 1166 2745 ad-

154 2791 274 2856 gsrare.
304 2769 435 2854 quidam
449 2769 573 2853 lapides
587 2769 735 2834 inserunt
749 2767 836 2832 inter
849 2768 993 2832 flexuosa
1007 2767 1167 2833 radicum.

224 3023 238 3070 1
259 3034 291 3071 oo
310 3018 344 3086 P,
364 3016 440 3085 quod
457 3017 493 3083 L,
512 3032 567 3083 quo
587 3014 665 3069 diotu
683 3029 760 3068 more
779 3015 809 3067 E
828 3016 838 3083 ΙΙ
858 3019 874 3066 2
892 3015 1054 3083 panguntur
1073 3016 1170 3070 PLV

151 3087 183 3142 iu
200 3102 265 3156 rua,
285 3088 344 3143 GT
355 3093 395 3156 114
414 3085 558 3142 tamarisoi
576 3087 669 3156 tacui
686 3088 696 3156 ΙΙ
715 3091 731 3139 8
750 3085 798 3140 uel
816 3086 846 3139 E
870 3088 873 3155 Ι
899 3085 981 3139 deest
995 3101 1048 3153 pro
1065 3103 1168 3154 possu-

151 3174 213 3210 mus
228 3175 304 3228 oege
317 3162 327 3230 ΙΙ
341 3165 356 3213 9
372 3162 401 3214 et
410 3175 464 3227 pro
478 3160 511 3211 ut
523 3159 615 3229 iaeqs
631 3159 635 3227 1
651 3156 745 3227 pinnis
760 3157 858 3224 PLF,
877 3155 990 3226 pinguis
997 3173 1026 3224 p,
1042 3173 1093 3211 om.
1109 3159 1141 3212 E

151 3227 290 3308 malorum
308 3231 336 3282 P
354 3232 364 3299 ΙΙ
386 3236 418 3284 12
438 3233 505 3283 tuno
523 3229 572 3301 EI
589 3245 684 3283 omnes
703 3227 788 3282 rimas
808 3228 889 3351 SEpk
903 3233 936 3280 13
956 3226 1089 3281 liniamus
1109 3230 1141 3283 E

152 3297 271 3367 genistls
291 3299 317 3353 G
330 3301 340 3368 ΙΙ
356 3304 389 3354 14
407 3299 553 3354 imitentur
571 3301 605 3368 tlt
625 3305 657 3352 17
676 3297 866 3352 LVXVRIAN
890 3297 941 3352 VR
959 3298 990 3352 E
1001 3300 1010 3368 Η
1031 3303 1064 3351 19
1082 3301 1167 3354 uber-

152 3368 208 3422 tati
221 3370 252 3422 Ε
267 3371 271 3437 Ι
286 3371 387 3438 putare
401 3370 522 3438 pressius
537 3371 662 3439 Fiueys
678 3373 682 3438 Ι
698 3369 827 3438 Frigidos
839 3370 866 3424 V
876 3371 885 3439 ΙΙ
900 3375 932 3423 21
948 3386 1043 3423 mense
1057 3387 1109 3426 om.
1120 3389 1144 3440 p
1158 3374 1168 3444 lt

153 3443 186 3490 22
205 3438 326 3492 harenas
344 3439 473 3493 fluuiales
492 3440 539 3494 uel
557 3439 664 3494 eineres
683 3440 817 3494 debemus
842 3455 977 3512 aggerare
996 3441 1027 3508 V,
1048 3457 1167 3497 arenam

152 3507 296 3562 fluuialem
314 3507 360 3561 uel
375 3509 495 3563 cinerem
510 3509 673 3564 debebimus
689 3527 844 3580 aggregare
858 3512 895 3580 Ε,
915 3511 1049 3566 debemus
1065 3529 1167 3584 aggra-

153 3593 221 3645 gare
236 3595 266 3646 p,
286 3594 421 3648 aggerare
440 3579 466 3633 G
479 3583 489 3647 ΙΙ
503 3586 536 3632 23
554 3580 680 3634 fluxuoso
698 3583 733 3649 L,
752 3580 878 3637 fluxuosa
898 3582 960 3637 GE
