2524 3946
463 201 717 257 nearcm1-e
1056 205 1097 270 73

78 401 142 467 DE
173 399 383 466 SERENDA
411 399 679 486 LENTIOVLA,
706 401 816 466 ITEM
844 399 1098 470 CICEROVLA.

149 525 223 592 Hoc
246 526 347 590 etiam
370 547 480 590 mense
502 527 692 592 lenticulam
713 549 798 592 seres
818 527 889 592 solo
908 529 998 593 tenni
1018 533 1051 594 et
1083 528 1151 594 IIII

78 616 230 681 resoluto
258 615 311 678 nel
339 613 440 678 etiam
468 615 596 700 pingui,
629 616 685 680 sed
718 616 803 681 sicco
835 617 988 699 maxime,
1021 619 1099 702 quia
1186 663 1190 690 ,.

77 702 214 770 luxuria
236 707 270 767 et
292 725 405 768 umore
425 704 653 788 corrumpitur.
690 725 794 788 usque
813 704 854 768 ad
874 705 1097 772 duodecimam

49 797 197 861 alunam
216 793 297 857 bene
317 792 505 877 seminatur,
530 814 612 876 quae
630 796 668 858 ut
688 794 753 858 cito
774 797 867 858 exeat
887 798 984 878 atque
1004 816 1098 881 gran-

77 885 210 967 descat,
237 879 327 966 prius
355 902 428 945 cum
452 881 522 946 fimi
541 882 693 946 ariditate
717 882 881 946 miscenda
905 887 967 947 est:
999 887 1098 968 atque

76 972 141 1038 ubi
165 969 214 1036 ita
236 969 434 1053 requieuerit
458 974 615 1054 quattuor
636 971 749 1035 diebus
770 970 997 1057 autquinque,
1020 976 1098 1038 tunc

76 1059 262 1146 spargitur.
298 1059 449 1144 iugerum
474 1059 574 1123 modii
598 1060 693 1124 unius
718 1081 828 1124 semen
849 1059 998 1144 inplebit.
1036 1062 1098 1127 hoe

75 1150 187 1215 etiam
219 1170 330 1212 mense
363 1148 523 1213 cicercula
554 1149 675 1213 seritur
707 1149 779 1214 loco
818 1153 851 1213 et
884 1150 996 1234 modo,
1033 1173 1097 1235 quo

30 1268 59 1307 ιο
75 1243 161 1304 ante
186 1237 350 1320 descripsi.

323 1467 383 1532 DE
408 1466 616 1532 SERENDO
640 1466 864 1535 OANNABO.

151 1590 226 1656 Hoc
254 1613 364 1656 mense
392 1592 510 1656 ultimo
539 1592 721 1657 cannabum
751 1593 832 1657 seris
861 1597 949 1657 terra
976 1591 1153 1679 pingui,V

75 1684 281 1762 stercorata,
313 1680 408 1766 rigua
439 1680 492 1745 uel
524 1681 621 1765 plana
654 1685 751 1765 atque
784 1682 894 1746 umida
931 1686 964 1746 et
1000 1683 1099 1748 altius

75 1770 232 1836 subacta.
273 1769 308 1832 in
336 1790 400 1834 uno
429 1769 509 1853 pede
533 1770 692 1854 quadrato
717 1791 773 1834 sex
798 1770 942 1834 eiusdem
967 1771 1099 1836 seminis

30 1889 60 1929 15
76 1879 189 1946 grana
211 1861 386 1942 ponuntur.

243 2087 303 2153 DE
327 2088 461 2155 AGRIS
485 2087 687 2155 MEDIOAE
711 2089 947 2156 PARANDIS.

152 2212 250 2279 Nunc
274 2235 360 2299 ager,
385 2213 441 2297 qui
463 2218 653 2298 accepturus
674 2219 724 2279 est
744 2215 911 2297 medicam,
934 2215 972 2278 de
993 2213 1084 2278 cuius
1105 2211 1154 2277 VI

73 2307 217 2383 natura,
245 2325 319 2368 cum
348 2301 410 2367 erit
439 2303 587 2384 serenda,
614 2304 770 2385 dicemus
798 2304 964 2368 iterandus
991 2307 1097 2367 estet

75 2392 237 2478 purgatis
261 2391 423 2474 lapidibus
447 2391 620 2476 diligenter
644 2393 812 2457 occandus.
851 2397 884 2456 et
908 2393 994 2457 circa
1015 2414 1098 2456 mar-

27 2511 59 2551 ao
76 2482 150 2546 tias
181 2481 330 2545 calendas
359 2482 494 2545 subacto
521 2481 606 2545 sieut
628 2482 662 2544 in
685 2481 791 2545 hortis
816 2480 885 2545 solo
910 2481 1098 2545 formandae

77 2573 165 2634 sunt
189 2591 282 2633 areae
305 2569 392 2633 latae
415 2568 552 2654 pedibus
571 2571 690 2652 decem,
713 2570 831 2655 longae
850 2569 986 2654 pedibus
1007 2569 1099 2653 quin-

77 2656 254 2744 quaginta,
276 2659 324 2722 ita
347 2662 384 2722 nt
408 2659 454 2722 eis
475 2679 559 2741 aqua
577 2657 784 2724 ministretur
803 2662 837 2722 et
855 2658 950 2723 facile
970 2659 1099 2743 possint

77 2770 124 2812 ex
147 2750 288 2830 utraque
310 2747 406 2831 parte
430 2747 568 2812 runcari.
612 2752 690 2812 tunc
714 2748 835 2812 iniecto
860 2747 996 2832 antiquo
1020 2752 1100 2811 ster-

77 2858 161 2902 core
185 2836 219 2900 in
243 2836 381 2920 aprilem
403 2858 548 2900 mensem
572 2840 779 2900 reseruentur
802 2840 944 2920 paratae.

159 2999 174 3046 1
203 2991 252 3045 DE
281 2992 449 3047 SERENDO
482 2993 653 3047 OANNABO
685 2993 711 3047 G
744 2995 748 3062 l
782 2993 874 3046 ITEM
901 2989 1101 3045 CICEROVLA

75 3084 135 3122 om.
152 3065 185 3118 E
196 3066 205 3132 ΙΙ
229 3070 244 3116 2
263 3063 426 3118 lentieleum
445 3064 476 3117 E
483 3064 491 3094 ¹
512 3066 516 3135 Ι
536 3064 598 3118 loco
614 3082 635 3132 p
649 3066 657 3134 ll
681 3070 696 3118 ὅ
715 3064 787 3117 bene
806 3081 856 3118 om.
867 3081 896 3132 p.
912 3066 920 3132 Η
946 3068 960 3114 7
980 3065 1101 3130 quatuor

76 3141 136 3192 aut
151 3134 276 3204 quinque
290 3134 390 3190 diebim
404 3137 507 3205 Taepa
520 3138 529 3205 ll
545 3141 576 3188 11
590 3136 676 3189 Hunc
685 3137 796 3190 titulum
805 3153 854 3190 om.
868 3135 894 3188 G
910 3137 913 3202 Ι
931 3133 1099 3188 SERENDO

77 3227 135 3264 om,
153 3207 185 3260 E
196 3209 205 3276 ΙΙ
221 3213 253 3259 12
274 3223 347 3260 seres
363 3224 443 3277 pepe
457 3209 466 3276 Η
481 3212 513 3259 13
528 3206 636 3276 irrigua
649 3207 676 3259 V
686 3209 695 3276 ll
711 3212 743 3259 14
757 3205 980 3274 in—ponuntur
994 3223 1044 3260 om.
1059 3223 1077 3274 p
1090 3205 1100 3277 ll

78 3287 117 3334 16
133 3277 300 3333 MEDIOAE
314 3276 499 3331 PAEANDIS
515 3294 564 3332 om.
576 3279 626 3344 ΕΙ,
640 3275 842 3346 praeparandis
857 3277 937 3330 addit
946 3276 997 3344 13²,
1011 3276 1098 3330 MED.

76 3348 265 3406 PARANDA
283 3351 362 3403 habet
374 3350 399 3403 G
413 3351 421 3418 ll
437 3356 469 3402 19
488 3352 624 3419 purgatus
639 3367 652 3404 s
668 3349 672 3420 l
689 3348 827 3402 secandus
842 3348 969 3418 PLQZ
985 3364 1100 3401 caecan-

77 3423 137 3476 dus
157 3422 195 3489 G,
216 3420 355 3474 curandus
374 3420 457 3491 1120
481 3421 554 3474 sicut
572 3419 657 3473 moris
677 3422 721 3474 est
740 3418 798 3472 solo
817 3419 868 3487 Eli
883 3425 915 3472 21
935 3419 1028 3472 laetae
1047 3420 1073 3470 L
1091 3417 1101 3488 Η

77 3499 117 3548 23
141 3509 176 3546 ex
195 3494 315 3558 utraque
329 3494 410 3560 parte
425 3509 474 3546 ona
490 3493 510 3558 i,
528 3493 592 3545 incl.
607 3509 620 3545 s
637 3494 640 3560 Ι
657 3493 794 3544 estercore
808 3491 835 3544 L
849 3493 857 3559 Η
872 3496 906 3543 24
919 3487 1052 3558 inprilem
1069 3487 1100 3557 Q,

75 3565 113 3620 in
134 3562 221 3633 aprili
238 3578 334 3616 mense
353 3563 384 3616 E
