2556 3942
174 222 215 286 18
594 223 764 277 PALLADII

356 421 416 487 DE
439 421 614 487 LVMINE
637 422 694 487 ΕΓ
717 421 1003 488 ALTITVDINE.

120 544 187 610 XII
262 545 303 610 In
328 545 444 630 primis
472 547 666 612 studendum
694 551 745 611 est
771 547 806 610 in
834 548 957 632 agresti
981 547 1121 633 fabrica,
1147 555 1186 614 ut

172 635 279 700 multa
301 636 373 700 luce
396 636 567 700 clarescat:
589 636 704 700 deinde
727 639 766 699 ut
788 640 899 718 partes
917 637 1121 720 temporibus
1140 639 1185 702 di-

172 723 276 809 uisas,
302 725 389 789 sicut
416 747 515 807 supra
542 725 623 803 dixi,
652 724 807 810 congruis
828 726 979 808 partibus
1003 725 1186 811 offeramus,

171 813 205 877 id
228 818 287 897 est,
310 817 454 878 aestiuas
473 813 707 898 septemtrioni,
729 813 884 878 hibernas
902 814 1095 900 meridiano,
1115 839 1185 880 uer·
1212 841 1223 880 5

171 925 230 967 nas
259 907 292 967 et
319 902 523 967 autumnales
552 903 679 966 orienti.
724 923 876 966 mensura
904 925 984 967 uero
1012 903 1094 968 haec
1122 927 1185 968 ser-

171 993 279 1056 uanda
296 991 400 1055 estin
418 990 570 1055 tricliniis
591 997 689 1075 atque
709 991 877 1072 cubiculis,
900 996 947 1072 ut,
970 993 1185 1075 quanta-lati-

171 1082 250 1145 tudo
273 1081 326 1144 uel
349 1079 521 1163 longitudo
540 1079 648 1161 fuerit,
671 1081 706 1143 in
726 1102 827 1143 unum
847 1085 1044 1166 conputetur
1062 1085 1097 1145 et
1115 1083 1185 1146 eius

170 1170 327 1234 medietas
349 1169 384 1232 in
407 1168 613 1234 altitudinem
636 1169 832 1234 conferatur.

405 1399 467 1463 nn
492 1352 688 1476 cinarus
713 1397 947 1466 enumeris.
1200 1428 1224 1468 ω

121 1523 204 1589 XlII
272 1512 425 1589 Cametas
453 1522 488 1586 in
516 1524 700 1609 agrestibus
728 1523 884 1589 aedificiis
912 1547 952 1588 ex
979 1546 1019 1589 ea
1049 1528 1189 1591 materia

172 1612 287 1676 utilius
314 1612 378 1676 erit
404 1611 560 1696 formare,
588 1635 671 1697 qnae
697 1612 793 1677 facile
821 1613 1007 1678 inuenietur
1032 1614 1068 1677 in
1098 1615 1189 1680 uilla.
1255 1623 1258 1630 '

171 1702 284 1786 itaque
316 1705 375 1764 aut
406 1701 529 1765 tabulis
560 1701 716 1766 faciemus
745 1707 803 1766 aut
829 1703 941 1766 cannis
970 1701 1032 1767 hoc
1060 1725 1189 1788 genere.

171 1812 297 1854 asseres
324 1789 408 1875 ligni
436 1789 546 1875 gallici
569 1793 623 1854 uel
646 1791 791 1874 cupressi
814 1791 954 1855 directos
978 1796 1013 1855 et
1035 1793 1189 1876 aequales

172 1880 411 1944 constituemus
433 1880 469 1942 in
491 1901 530 1945 eo
553 1880 636 1962 loco,
658 1881 716 1943 ubi
739 1901 866 1944 camera
887 1880 1037 1944 facienda
1054 1886 1123 1965 est,-
1138 1880 1187 1946 ita
1203 1905 1227 1945 15

170 1969 348 2051 ordinatos,
367 1972 406 2032 ut
423 1969 510 2032 inter
528 1991 562 2033 se
582 1968 817 2053 sesquipedalis
836 1991 988 2033 mensura
1008 1970 1053 2034 sit
1071 1992 1186 2035 uacua.

169 2063 249 2123 tunc
281 2079 338 2122 eos
371 2058 495 2121 eatenis
527 2057 645 2142 ligneis
678 2079 718 2122 ex
746 2057 894 2142 iunipero
925 2063 982 2122 aut
1011 2059 1100 2123 oliua
1128 2066 1188 2123 aut

171 2149 257 2212 buxo
280 2151 338 2211 ant
361 2167 514 2230 cupresso
535 2146 632 2211 factis
652 2147 692 2210 ad
711 2146 993 2232 contignationem
1012 2148 1186 2231 suspende

170 2258 242 2300 mus
271 2240 305 2300 et
331 2235 426 2300 binas
455 2235 618 2299 intereos
641 2235 782 2319 perticas
806 2234 984 2320 dirigemus
1007 2236 1187 2301 tomicibus

126 2326 147 2388 2
172 2324 336 2409 alligatas.
373 2329 489 2408 postea
510 2324 691 2408 palustrem
714 2345 851 2388 cannam
873 2323 928 2388 uel
945 2324 1029 2389 hanc
1049 2327 1187 2390 crassio-
1202 2353 1228 2391 20

170 2435 252 2488 rem,
286 2433 368 2495 quae
400 2413 435 2476 in
466 2436 529 2478 usu
561 2417 624 2494 est,
657 2418 828 2477 contusam
857 2412 948 2478 faeta
976 2418 1010 2478 et
1041 2414 1187 2478 strictim

169 2503 283 2566 iuncta
310 2505 399 2565 crate
427 2503 655 2567 subnectemus
683 2506 717 2565 et
741 2524 800 2586 per
823 2524 918 2567 omne
942 2503 1086 2586 spatium
1110 2526 1188 2568 cum

169 2590 251 2674 ipsis
275 2590 438 2654 asseribus
462 2595 496 2654 et
517 2591 651 2674 perticis
675 2590 895 2676 alligabimus.
937 2591 1053 2656 dehinc
1075 2593 1188 2676 primo

170 2680 307 2762 inpensa
333 2679 482 2762 pumicea
510 2680 679 2744 induemus
708 2682 741 2743 et
768 2679 869 2744 trulla
892 2681 1118 2764 aequabimus,
1145 2687 1186 2746 ut

170 2769 257 2832 inter
279 2790 314 2831 se
337 2789 515 2832 cannarum
537 2769 685 2832 membra
707 2769 920 2853 constringat.
961 2772 1038 2853 post
1061 2768 1228 2836 harenam

170 2863 204 2922 ct
237 2858 323 2922 calce
356 2857 618 2941 coaequabimus.
667 2859 767 2921 tertio
800 2858 867 2922 tusi
903 2857 1076 2923 marmoris
1114 2861 1189 2942 pul·

241 3090 258 3137 4
277 3084 350 3139 sicut
367 3102 417 3140 oni.
437 3085 464 3138 L
486 3089 495 3156 11
519 3092 534 3139 7
553 3084 674 3138 triclinis
693 3085 751 3155 LQ
773 3088 817 3166 18
837 3089 866 3139 et
884 3085 959 3156 long.
979 3103 1056 3156 ceps
1078 3089 1083 3156 1
1109 3086 1189 3141 eius-

171 3155 235 3209 dem
251 3155 277 3209 G
290 3158 329 3224 119
349 3155 501 3210 altitudine
519 3157 550 3210 E
561 3160 570 3226 11
586 3163 619 3210 12
637 3157 669 3210 In
688 3156 760 3210 uilla
777 3160 873 3224 itaque
891 3161 927 3228 sl!
942 3164 976 3210 13
989 3157 1109 3224 ‚tabulas
1127 3161 1159 3212 Ε
1182 3161 1186 3232 1

171 3243 275 3280 cannas
293 3227 324 3280 Ε
345 3229 354 3296 11
379 3235 412 3280 14
432 3227 532 3282 asseris
551 3229 609 3299 LQ
626 3230 635 3297 11
657 3234 690 3282 15
710 3227 910 3282 constituemus
930 3231 959 3282 et
977 3228 1112 3297 aequales
1135 3231 1158 3300 Q

172 3304 205 3351 16
229 3297 438 3367 sesquipedalis
461 3301 492 3352 E
516 3302 526 3367 11
555 3305 587 3352 18
611 3299 799 3368 tignationem
822 3301 853 3354 E
877 3303 887 3369 11
916 3306 948 3353 19
977 3299 1108 3366 domibus
1133 3303 1162 3355 V

171 3375 204 3422 21
224 3369 330 3422 factam
349 3368 424 3437 LVl
441 3371 540 3424 stricta
559 3371 623 3423 FE
643 3375 652 3438 11
676 3377 709 3423 22
728 3370 806 3423 facta
829 3374 893 3439 (pro
910 3371 1018 3440 iuncta)
1039 3373 1081 3425 Τ1
1097 3373 1101 3442 1
1118 3373 1189 3426 sub-

170 3440 309 3494 nectimus
323 3439 550 3508 LQVTGEia
563 3443 573 3509 11
587 3447 620 3493 23
641 3439 791 3511 alligamus
805 3442 979 3496 LSFGEa
993 3445 1003 3512 11
1017 3449 1051 3496 24
1068 3445 1191 3512 pumica

171 3510 380 3580 LQSTFEc',
399 3510 502 3578 punica
521 3511 564 3580 Vl
581 3512 747 3578 equanimes
768 3512 796 3564 L
809 3519 817 3582 1
832 3519 866 3565 26
890 3513 1109 3580 coaequauimus
1129 3515 1158 3568 L
1182 3517 1188 3588 1

171 3582 248 3634 tunsi
271 3581 375 3648 VFG,
393 3581 540 3634 marmoris
557 3581 615 3634 tusi
633 3583 664 3634 E
