2556 3942
472 204 591 261 AGRIC.
604 205 617 258 Ι
631 211 736 259 34-35
1069 203 1111 266 37

168 349 292 417 Contra
320 353 440 417 culices
467 356 501 416 et
527 350 661 415 limaces
685 350 738 416 uel
762 372 928 415 amurcam
951 352 1113 414 recentem

95 443 152 507 uel
177 463 216 506 ex
240 440 375 506 cameris
399 440 571 525 fuliginem
595 439 787 524 spargimus,

167 528 291 595 Contra
314 529 478 614 formicas,
502 529 529 594 si
552 529 587 592 in
610 528 707 593 horto
730 527 854 592 habent
877 527 1035 609 foramen,
1058 547 1114 590 cor

95 623 239 685 noctuae
272 618 516 696 admoneamus:
554 617 582 681 si
610 616 691 682 foris
718 617 869 699 ueniunt,
902 638 996 681 omne
1024 614 1113 679 horti

66 708 246 793 sspatium
270 707 376 772 cinere
400 711 457 772 aut
480 710 588 772 cretae
611 707 749 771 candore
773 705 985 790 signabimus.

170 795 292 862 Contra
306 817 419 862 erucas
434 796 568 878 semina,
582 816 663 878 quae
678 795 859 880 spargenda
875 797 959 874 sunt,
974 814 1114 876 semper·
1138 779 1158 842 3

97 885 172 951 uiui
191 905 268 950 suno
288 884 464 950 madefiant
482 885 534 949 uel
550 905 720 948 erucarum
733 883 900 968 sanguine.
932 881 1016 946 cicer
1029 879 1115 944 inter

100 975 194 1040 olera
225 977 360 1058 propter
391 974 496 1038 multa
528 976 682 1057 portenta
710 972 879 1038 serendum
909 975 968 1034 est.
1013 969 1114 1053 aliqui

100 1064 246 1128 cinerem
271 1063 309 1127 de
328 1062 390 1127 fico
410 1084 508 1145 super
527 1083 639 1126 erucas
659 1065 827 1146 spargunt.
862 1061 942 1124 item
962 1058 1114 1142 squillam

53 1180 83 1218 ro
99 1152 156 1216 uel
181 1151 216 1215 in
238 1150 336 1216 horto
362 1154 475 1215 serunt
496 1151 549 1214 uel
574 1156 661 1214 certe
681 1148 891 1234 suspendunt.
929 1147 1030 1232 aliqui
1048 1170 1116 1212 mu-

99 1240 218 1306 lierem
245 1243 503 1305 menstruantem
530 1261 691 1322 nusquam
715 1239 856 1303 cinctam
880 1237 996 1302 solutis
1020 1235 1115 1319 capil-

99 1329 144 1394 lis
178 1327 273 1394 nudis
305 1328 443 1412 pedibus
477 1333 591 1394 contra
624 1349 736 1392 erucas
769 1331 802 1391 et
838 1330 945 1391 cetera
981 1326 1115 1390 hortum

99 1417 230 1482 faciunt
262 1415 442 1482 circumire.
488 1416 590 1501 aliqui
622 1415 770 1480 fluuiales
803 1437 935 1480 cancros
967 1413 1115 1498 pluribus

98 1508 184 1572 locis
207 1505 295 1570 intra
317 1506 451 1571 hortum
474 1505 678 1589 crucifigunt.

53 1623 82 1662 15
172 1591 294 1660 Contra
317 1594 480 1679 animalia,
506 1615 587 1678 quae
606 1594 730 1658 uitibus
749 1597 877 1675 nocent,
901 1591 1115 1676 cantharides,
1137 1577 1160 1642 4

102 1705 186 1768 quas
213 1683 248 1747 in
275 1683 358 1748 rosis
386 1682 533 1748 inuenire
558 1682 800 1764 consueuimus,
829 1681 899 1747 oleo
924 1703 1045 1745 mersas
1069 1703 1116 1745 re·

100 1772 190 1838 solui
212 1771 348 1856 patieris
371 1771 406 1836 in
429 1773 540 1836 tabem
563 1775 610 1855 et,
638 1793 711 1836 cum
734 1771 897 1854 putandae
922 1774 999 1834 sunt
1021 1770 1116 1850 uites,

100 1863 167 1927 hoc
187 1861 259 1926 oleo
278 1860 377 1925 falces
391 1880 562 1945 perunges.
591 1861 826 1945 extinguuntur
841 1857 971 1924 cimices
985 1879 1117 1923 amurca

101 1955 136 2016 et
168 1949 243 2013 felle
275 1949 399 2013 bubulo
431 1950 527 2013 lectis
561 1953 617 2012 aut
644 1949 726 2013 locis
753 1948 919 2032 perunctis
947 1947 1000 2012 uel
1027 1946 1115 2012 foliis

53 2040 219 2108 medanae
243 2038 333 2102 tritis
357 2059 396 2103 ex
420 2038 491 2102 oleo
515 2037 567 2101 uel
591 2037 730 2101 incensis
755 2034 971 2122 sanguisugis.

171 2126 220 2193 Vt
248 2127 337 2191 olera
365 2124 519 2190 animalia
542 2125 661 2190 infesta
683 2148 749 2191 non
773 2128 942 2210 generent,
968 2124 1003 2188 in
1026 2124 1115 2189 corio
1139 2108 1160 2174 5

100 2214 279 2281 testudinis
305 2215 414 2281 omnia
438 2215 570 2299 semina,
595 2237 676 2298 quae
700 2235 871 2297 sparsurus
892 2235 935 2296 es,
959 2213 1044 2278 sicca
1062 2213 1115 2278 uel

99 2310 249 2370 mentam
281 2305 362 2369 locis
395 2303 558 2388 pluribus,
590 2304 729 2368 maxime
762 2301 848 2366 inter
881 2302 1004 2385 caules,
1037 2324 1115 2367 sere.

97 2396 165 2460 hoc
182 2397 351 2478 praestare
370 2392 474 2458 fertur
493 2414 606 2457 eruum
626 2392 867 2476 aliquantulum
886 2395 1002 2476 saturn,
1025 2413 1115 2475 prae-

53 2511 83 2551 es
102 2483 199 2568 cipue
223 2483 281 2547 ubi
305 2481 439 2546 radices*
453 2486 486 2546 et
504 2503 583 2565 rapa
599 2484 787 2546 nascuntur.
822 2480 875 2544 uel
895 2502 968 2545 acre
987 2484 1115 2545 acetum

176 2715 189 2762 1
211 2707 314 2762 Contra
335 2707 437 2762 culices
456 2709 535 2764 addit
553 2708 584 2762 ia
602 2709 725 2789 arorqiae
746 2707 786 2762 63³
807 2709 817 2778 11
844 2714 859 2760 2
882 2724 916 2761 ea
934 2710 998 2778 (pro
1017 2710 1061 2777 ex)
1079 2708 1114 2777 L,

100 2799 118 2835 a
139 2781 175 2846 G,
199 2796 233 2833 ex
255 2779 372 2833 cameris
392 2781 492 2836 omittit
508 2781 541 2833 ia
558 2786 642 2848 tecta,
661 2798 691 2832 rn
711 2779 827 2833 cameris
846 2780 879 2832 ia
896 2780 1020 2850 margine
1033 2797 1115 2847 prac-

100 2855 143 2908 1111
162 2851 189 2906 V
208 2853 218 2920 11
241 2857 257 2904 3
277 2850 381 2904 Contra
398 2849 530 2904 formicas
549 2851 628 2906 addit
645 2853 677 2904 c'a
695 2851 818 2921 margine
838 2849 878 2904 (3³
900 2852 909 2920 11
931 2858 948 2904 4
967 2849 1041 2902 foras
1062 2849 1088 2903 G
1106 2850 1115 2922 11

100 2929 116 2978 5
137 2921 314 2992 signauimus
338 2922 439 2990 LVF,
463 2921 605 2992 signemus
629 2939 706 2993 ocgo
733 2923 741 2992 11
769 2927 784 2975 6
809 2922 954 2992 aspgenda
977 2922 1043 2973 sunt
1065 2920 1113 2993 Vl

99 2991 280 3062 semperuiua
298 2992 334 3061 F,
355 2992 547 3062 semperuiuae
568 2993 691 3063 Giocqs
714 2995 723 3063 11
747 2999 761 3046 7
783 2992 830 3046 uel
847 2990 1027 3046 madcficiant
1046 2991 1068 3046 S
1084 2993 1116 3046 da

97 3067 227 3135 margine
247 3067 251 3134 1
273 3062 346 3118 cicer
365 3066 460 3117 autem
478 3064 526 3134 El
548 3063 625 3117 intra
642 3082 701 3135 acy
723 3066 732 3135 11
754 3070 771 3117 9
790 3063 844 3117 ficu
863 3063 918 3117 SE
938 3065 948 3131 11
972 3068 1004 3115 10
1023 3062 1053 3115 in
1072 3080 1115 3117 or-

98 3140 164 3191 tum
183 3136 214 3190 E
225 3138 235 3205 11
250 3141 281 3188 11
301 3137 506 3189 menstruatam
524 3136 618 3205 71113
638 3134 755 3190 circuire
774 3133 833 3187 VE
844 3136 853 3204 11
868 3139 901 3186 14
921 3133 1006 3186 clavis
1025 3133 1116 3204 figunt

97 3224 178 3292 ocgo
201 3210 264 3309 [1³15
283 3206 387 3261 Contra
406 3204 540 3260 animalia
558 3223 631 3288 quae
650 3205 757 3288 uitibus
775 3207 877 3288 nocent
896 3205 1024 3260 additia
1042 3223 1115 3286 oaor-

95 3279 211 3407 iffa?
221 3352 230 3418 11
247 3277 396 3402 {lanitiis}
412 3278 730 3430 pqtqtqqiaqaqqaqgsloens
746 3276 999 3418 [lpqqqqngrsfiqs
1012 3278 1027 3417 l'
1041 3279 1115 3416 uqiteis

96 3437 210 3549 mr
228 3420 399 3562 11111
419 3422 608 3561 aaut
630 3418 868 3560 assessu
890 3417 1113 3559 11111111

96 3565 201 3636 LQV,
222 3563 440 3632 1111111111115
459 3565 612 3632 pascuntur
631 3562 662 3614 E
1104 3616 1107 3620 ,
