2518 3938
181 203 247 268 234
604 201 772 256 PALLADII

180 349 343 415 fecundat.
388 349 496 432 primo
519 347 650 431 seritur,
678 347 791 412 deinde
813 347 1032 431 proseinditur
1055 352 1088 411 et
1110 352 1176 411 tune

182 438 336 504 sulcatur.
379 438 522 502 oeoands
539 441 590 500 est
607 436 708 521 large,
730 440 768 499 ut
789 435 858 520 tegi
879 436 1056 520 plurimum
1073 436 1177 522 possit.
1228 509 1229 512 1

137 527 284 612 2uliqui
314 526 395 591 locis
425 526 555 612 frigidis
585 525 698 589 dicunt
726 524 762 589 in
795 524 889 590 fabae
919 525 1045 591 satione
1076 525 1176 610 glebas

180 638 247 682 non
270 637 341 681 esse
364 613 569 701 frangendus,
591 619 628 678 ut
646 635 704 697 per
727 635 781 678 eas
800 613 1024 698 gelicidiorum
1042 617 1177 698 tempore

180 706 310 790 possint
328 704 477 789 germina
490 702 684 769 obumbrata
702 702 836 767 defendi.
864 702 989 766 satione
1008 702 1078 767 eius
1092 723 1177 788 gene·
1197 723 1205 761 s

180 794 340 948 titt?
354 791 874 946 ttttttt'tttttt?
890 791 1064 944 ttttd
1082 791 1178 944 tlt
1229 795 1230 812 ¹

181 994 250 1036 rem
272 970 421 1055 probari,
447 969 503 1055 qui
526 991 610 1034 anno
634 933 799 1052 superiori
816 991 938 1034 uacuus
960 968 1070 1052 fuerit,
1093 989 1178 1052 quan

182 1059 237 1145 qui
260 1060 403 1125 calamos
424 1059 577 1123 fabeceae
600 1057 716 1122 messis
740 1057 857 1122 eduxit.
896 1058 1016 1143 pingue
1039 1058 1178 1143 iugerum

137 1147 158 1212 3
181 1171 237 1214 sex
265 1149 366 1214 modii
393 1153 567 1232 occupant,
598 1146 759 1211 mediocre
782 1145 931 1231 amplius.
976 1146 1084 1230 spisso
1106 1147 1231 1210 teneo

179 1238 343 1323 prouenit:
372 1259 519 1302 macrum
545 1236 652 1301 looum
680 1235 937 1320 nebulosumque
963 1255 1030 1299 non
1056 1235 1177 1320 petitur.

180 1327 358 1391 curandum
381 1324 565 1410 praecipue,
592 1328 631 1388 ut
657 1325 735 1389 luna
764 1324 879 1407 quinta
905 1323 1030 1389 decima
1055 1328 1178 1404 seretur,

181 1415 209 1479 si
239 1415 343 1480 adhue
371 1415 475 1478 ictum
505 1413 584 1478 solis
614 1434 805 1496 repercussa
833 1435 899 1478 non
932 1412 1042 1478 sensit.
1090 1410 1178 1496 aliqui

180 1503 292 1568 dicunt
315 1507 466 1587 quartam
489 1503 648 1567 decimam
670 1502 779 1586 potius
803 1501 994 1587 eligendam.
1031 1502 1178 1587 sanguine

180 1591 312 1675 cepouis
333 1590 449 1655 Graeci
468 1591 621 1656 adserunt
639 1589 735 1655 fabae
754 1591 879 1655 semine
896 1593 1060 1656 macerata
1078 1589 1177 1655 herbis
1189 1607 1207 1648 a

180 1680 428 1745 aduersantibus
452 1701 519 1744 non
545 1681 664 1744 noceri.
710 1701 794 1764 aqua
822 1679 926 1764 pridie
954 1678 1063 1744 inlusa
1092 1679 1178 1744 citius

179 1769 285 1853 nasci,
318 1768 443 1833 nitrata
476 1790 562 1853 aque
592 1789 741 1852 respersu
773 1773 940 1833 cocturam
971 1789 1038 1832 non
1069 1768 1178 1832 hebere

180 1857 354 1922 difficilem
392 1879 478 1922 nunc
501 1857 621 1921 seritur
643 1856 750 1940 prima
773 1857 937 1938 lenticula,
961 1858 1045 1921 sicut
1064 1857 1178 1921 februu-

179 1945 228 2010 rio
252 1968 362 2011 mense
385 1948 555 2010 narratum
579 1950 639 2010 est.
684 1945 746 2010 hoc
774 1945 874 2010 etiam
896 1949 968 2011 toto
998 1967 1105 2010 mense
1126 1965 1177 2029 po·
1233 1958 1234 2026 1

179 2033 258 2099 terit
281 2035 339 2099 lini
364 2056 474 2099 semen
497 2034 634 2119 aspergi
1189 2053 1208 2092 s
1233 2029 1234 2042 ¹

179 2265 239 2330 Du
264 2262 420 2331 PRATIS
443 2263 578 2330 NOVIS
606 2261 932 2349 INSTITVENDIS,
962 2260 1177 2330 PONENDIS

179 2369 355 2437 VlTlBVS
370 2370 428 2435 ET
441 2370 682 2436 PROPAGAN
684 2368 757 2436 DIS
771 2370 829 2435 ET
841 2367 1177 2437 CIROVMFODIEN-

238 2475 311 2543 DIS
335 2476 558 2544 NOVELLIS
581 2477 640 2544 Ac
663 2477 935 2545 REOIDENDIS
958 2475 1131 2543 MERGIS.

124 2602 158 2666 Il
251 2601 290 2666 In
321 2602 417 2667 huius
450 2603 589 2668 maxime
622 2603 782 2689 principio
815 2625 986 2687 possumus
1019 2602 1177 2668 instituere

178 2712 265 2755 nous
294 2693 391 2774 prata
420 2714 524 2773 more,
554 2714 618 2776 quo
646 2693 768 2757 dictum
796 2696 854 2756 est.
899 2691 962 2757 hoc
989 2692 1087 2757 etiam
1114 2693 1176 2755 toto
1188 2708 1208 2748 ss

179 2801 288 2845 mense
317 2779 396 2844 locis
425 2780 537 2846 calidis
567 2785 599 2847 et
627 2780 721 2846 siccis
750 2781 803 2845 uel
833 2779 952 2866 apricis
980 2782 1043 2846 erit
1070 2779 1179 2844 uitium

178 2868 371 2935 celebranda
393 2869 524 2953 positio.
568 2891 655 2934 nunc
679 2874 711 2934 et
734 2891 880 2956 propago
904 2870 974 2934 iure
998 2871 1132 2936 ducetur
1152 2869 1179 2930 et

251 3066 264 3113 1
284 3060 417 3116 fecundet
433 3061 492 3116 GT
507 3063 613 3132 lueys,
637 3060 739 3116 fundat
753 3062 783 3114 F
796 3063 800 3132 1
816 3063 884 3115 tunc
898 3078 948 3115 om.
962 3063 989 3116 L
1003 3065 1042 3132 113
1056 3060 1180 3131 glebas-

180 3129 288 3184 satione
307 3149 356 3186 om.
377 3134 407 3186 E
426 3135 435 3202 11
457 3140 475 3186 4
493 3131 690 3202 gelicidiamm
709 3133 766 3186 PL
776 3132 921 3187 VGSFt
941 3135 950 3202 11
971 3139 986 3186 5
1006 3131 1133 3202 gramina
1150 3127 1181 3196 ii

180 3205 195 3254 7
218 3200 366 3257 colomella
389 3205 417 3257 P
446 3206 455 3273 11
492 3211 508 3258 8
534 3202 676 3326 superiore
701 3205 841 3274 GFacps
872 3207 882 3273 11
913 3209 929 3256 9
952 3204 1058 3274 pingue
1076 3220 1125 3258 om.
1140 3219 1160 3270 p
1175 3190 1182 3267 1

180 3276 211 3323 11
232 3271 358 3324 Macrum
376 3291 443 3328 uero
464 3277 489 3328 Τ
512 3276 516 3345 1
542 3292 572 3328 so
585 3293 632 3327 um
647 3292 700 3342 pro
718 3274 811 3329 locum
830 3275 922 3344 iacps
945 3276 954 3344 11
979 3281 1012 3328 12
1031 3272 1183 3329 Curandum

179 3343 222 3394 est
241 3358 325 3410 ceps,
345 3343 558 3413 curandumque
568 3345 599 3398 E
611 3347 620 3413 11
635 3350 667 3397 13
683 3345 733 3398 sed
743 3363 796 3414 pro
816 3345 839 3398 si
854 3346 884 3398 E
899 3346 902 3413 1
918 3345 976 3398 Alii
989 3346 1027 3400 S¹
1041 3348 1050 3415 11
1065 3351 1097 3398 17
1111 3340 1184 3397 nasei

179 3426 228 3464 om.
248 3411 280 3464 E
311 3413 315 3476 Ι
350 3411 455 3466 intrata
473 3415 503 3466 E
534 3419 544 3480 11
574 3419 608 3466 23
631 3413 741 3468 NOVIS
760 3416 790 3468 E
823 3417 827 3487 1
861 3415 996 3469 MERGIS
1020 3433 1071 3471 om.
1090 3416 1124 3484 L,
1143 3411 1183 3466 AC

179 3479 395 3534 REOlDENDIS
414 3482 549 3538 MERGIS
563 3500 614 3538 om.
634 3486 688 3539 iae
700 3488 710 3555 11
724 3491 758 3537 24
772 3486 892 3540 maxime
906 3487 1010 3540 mensis
1025 3505 1050 3556 a,
1069 3485 1184 3540 maxime

181 3548 308 3619 [mensis]
326 3566 380 3618 cpe
394 3551 402 3618 11
416 3556 449 3602 26
469 3552 515 3604 uel
535 3553 638 3622 apricis
658 3571 707 3610 om.
724 3572 753 3623 p.
