2556 3942
139 197 193 252 ΧΠ
541 200 748 255 PRAEFATIO

139 348 254 410 librum
294 349 453 410 metricum
492 351 664 411 Florentiae
700 370 800 411 mense
837 351 928 428 aprili
963 351 1034 411 anni
1068 354 1152 414 1875

137 438 263 499 ¹contuli.

208 527 308 588 Codex
329 528 361 585 D
384 527 403 586 i.
428 547 452 587 e.
475 528 669 588 Florentinus
692 529 754 589 sive
776 529 999 589 Laurentianus
1023 531 1077 608 53,
1103 534 1153 610 15,

139 618 330 694 1111111111,
366 635 459 675 manu
491 617 633 695 scriptus,
666 618 778 679 saeculi
804 616 873 695 XV,
904 618 1046 678 foliorum
1080 622 1151 698 179,

139 707 283 766 minimae
310 705 424 765 formae
452 705 611 784 oblongae,
644 707 791 767 continet:
823 707 839 764 Ι
865 707 979 766 Donati
1005 706 1152 768 breviatio

141 794 249 856 Ovidii.
287 795 318 852 Π
335 793 488 872 Anonymi
506 795 588 854 vitae
608 793 709 855 Ovidii
732 796 928 872 aliorumque.
965 795 1012 854 [Π
1029 796 1151 856 Asconii

138 883 349 944 adnotationes
376 883 415 942 11
442 882 592 943 Ciceronis
620 884 770 945 orationes
797 885 951 961 quasdam.
1000 884 1045 942 IV
1070 884 1151 946 Ano-

138 973 223 1051 nymi
246 973 281 1032 dc
305 971 500 1032 deminutivis
523 973 693 1033 nominibus
717 971 810 1049 Opus.
848 974 878 1031 V
895 973 1047 1050 Anonymi
1066 973 1151 1034 Com-

138 1062 306 1122 mentarius
328 1062 361 1120 in
378 1060 507 1139 Vergilii
529 1061 708 1138 Priapeiam.
750 1062 794 1121 VI
815 1062 978 1120 Palladii
1005 1062 1045 1122 de
1074 1066 1151 1122 arte

138 1151 329 1211 insitionis
343 1149 521 1228 Libellus,
540 1151 662 1226 praevio
676 1150 816 1229 Prologo,
834 1153 870 1210 ut
884 1151 916 1209 in
930 1150 1038 1210 Codice
1051 1151 1150 1210 XXIV
1266 1187 1269 1192 -

136 1240 218 1300 Plut.
242 1238 354 1298 XLVII
373 1231 434 1320 (Ο).
482 1238 540 1298 VH
562 1239 748 1300 Fenestellae
772 1240 807 1300 de
830 1241 943 1300 Romae
966 1239 1149 1318 Magistrati·

136 1329 194 1388 bus
217 1327 315 1387 Liber.
360 1327 436 1387 VIII
458 1327 530 1386 Alia
553 1327 654 1388 Ovidii
667 1329 741 1393 ,vita
763 1329 871 1388 incerti
895 1328 1035 1388 auctoris.
1080 1329 1148 1388 Pal-

136 1418 212 1478 ladii
235 1419 338 1477 autem
360 1416 437 1477 liber
458 1417 565 1492 incipit
588 1437 607 1476 1
629 1417 702 1477 folio
729 1421 790 1478 127
816 1420 846 1476 11
869 1417 988 1494 aliquot
1009 1418 1083 1478 locis
1106 1435 1150 1478 sc·

137 1506 265 1568 sundam
295 1524 419 1565 manum
450 1506 580 1582 praebet.
626 1507 706 1566 hunc
733 1506 904 1566 Florentiae
932 1525 1033 1567 mense
1060 1506 1148 1582 aprili

137 1596 210 1656 anni
236 1597 319 1655 1875
345 1595 469 1655 contuli.

205 1683 304 1744 Codex
322 1685 358 1742 Η
373 1684 392 1742 i.
412 1704 435 1743 e.
455 1683 620 1743 Vaticanus
636 1686 732 1762 5245,
750 1685 934 1762 chartaceus,
952 1701 1045 1744 manu
1058 1683 1149 1760 scrip-

136 1777 187 1833 tus
210 1773 323 1833 saeculi
344 1771 409 1850 XV,
439 1771 581 1832 foliorum
606 1775 683 1851 213,
710 1777 831 1849 praeter
854 1773 914 1832 1111
937 1772 1152 1848 conprehendit

137 1861 304 1922 11111185
324 1879 420 1938 usque
440 1861 478 1920 ad
500 1861 608 1921 folium
629 1865 668 1922 91
694 1862 854 1939 Palladij
879 1862 1013 1939 Rutilij
1039 1861 1148 1920 Tauri

138 1950 327 2011 aemiliani
350 1950 393 2009 ad
415 1950 618 2010 Pastellum
641 1951 681 2011 de
704 1950 885 2011 Insitione
908 1950 1031 2030 librum,
1060 1970 1149 2028 quem
1276 1985 1277 2030 ;

136 2042 249 2102 Romae
272 2057 372 2099 mense
391 2040 482 2115 aprili
505 2039 575 2098 anni
600 2041 684 2099 1875
710 2040 833 2100 contuli.

202 2130 250 2188 Ex
271 2129 319 2188 bis
342 2128 493 2188 codicibus
514 2128 539 2187 C
560 2148 629 2189 oum
648 2129 770 2206 vulgari
792 2128 929 2206 lectione,
952 2146 1030 2205 quae
1052 2145 1149 2205 usque
1276 2141 1277 2144 ’

136 2220 175 2279 11
198 2218 412 2278 Schneiderum
434 2218 466 2276 in
489 2216 671 2276 editionibus
694 2217 819 2296 legitur,
842 2216 973 2294 exceptis
996 2217 1150 2277 nonnullis

135 2307 225 2368 rebus
243 2307 379 2382 parvulis
397 2306 487 2384 plane
506 2306 666 2366 consentit:
689 2306 793 2383 itaque
811 2307 884 2366 haec
903 2326 938 2365 ex
956 2305 1009 2365 illo
1028 2306 1149 2366 fluxisse

135 2396 264 2456 videtur.
310 2415 407 2471 neque
434 2395 566 2454 multum
594 2394 631 2454 ab
660 2415 694 2455 eo
722 2395 813 2455 codex
835 2397 866 2454 B
893 2395 1051 2470 discrepat.
1097 2395 1149 2454 111

136 2485 252 2546 codices
275 2483 304 2540 A
328 2487 358 2543 11
381 2485 412 2542 D
435 2487 466 2543 et
488 2485 534 2562 H,
566 2483 619 2560 qui
648 2483 728 2543 inter
757 2503 788 2544 11
817 2484 1014 2563 concordant,
1044 2484 1150 2560 plures

136 2574 280 2634 lectiones
306 2572 431 2650 babent,
460 2591 538 2648 quae
561 2573 615 2633 bos
643 2572 681 2631 ab
709 2573 768 2632 alio
797 2593 892 2650 eoque
918 2572 1041 2632 meliore
1064 2573 1148 2632 fonte

136 2680 289 2722 emanasse
311 2680 402 2737 quam
425 2661 494 2721 illos
516 2661 663 2722 indicent:
686 2662 868 2739 aliquotiens
891 2680 962 2722 sene
985 2664 1149 2722 occurrunt

135 2752 166 2811 in
190 2751 291 2812 codice
313 2751 345 2808 D
367 2750 510 2811 lectiones
533 2750 571 2809 ab
592 2751 621 2808 A
645 2753 676 2810 et
698 2752 733 2810 H
753 2751 896 2829 diversae,
920 2769 997 2827 quae
1020 2749 1149 2810 arbitra·
1274 2805 1275 2812 ,

133 2840 197 2901 riae
220 2839 417 2900 correctiones
440 2840 587 2900 videntur.
635 2842 726 2916 atque
753 2841 849 2900 multo
877 2839 974 2917 magis
1002 2858 1093 2916 quam
1115 2840 1148 2898 D
1274 2859 1275 2878 ¹

135 2931 249 2991 codices
265 2929 290 2989 C
307 2931 338 2988 et
356 2929 386 2986 B
404 2928 461 2988 tali
479 2928 602 2987 libidine
621 2932 777 3005 corruptos
800 2947 863 2989 esse
881 2928 1073 3005 perspicuum
1092 2931 1147 2988 est.

201 3019 309 3095 Itaque
340 3018 367 3077 ei
395 3017 523 3095 codices,
557 3017 609 3094 qui
636 3017 767 3077 Palladii
799 3019 834 3078 de
864 3017 1005 3078 insitione
1035 3016 1148 3076 librum

133 3107 297 3185 continent,
319 3107 352 3167 in
370 3107 429 3165 tria
447 3125 557 3185 genera
575 3106 735 3166 dividenda
758 3125 821 3167 esse
845 3106 995 3166 existimo:
1018 3123 1149 3182 quornm
1273 3129 1274 3134 ¹

135 3196 284 3272 optimum
306 3215 401 3273 genus
424 3215 460 3255 ex
482 3194 634 3254 codicibus
652 3197 681 3254 A
706 3198 736 3256 11
757 3197 794 3255 H
813 3198 939 3273 constat,
962 3195 993 3253 in
1016 3195 1147 3255 secundo

134 3287 165 3344 D
188 3283 391 3344 numerandus
414 3286 467 3363 est,
491 3303 526 3344 ex
549 3283 717 3345 deterrimis
740 3288 812 3344 sunt
835 3285 861 3344 C
881 3287 912 3344 et
933 3285 971 3342 B.

201 3373 307 3449 Neque
322 3371 624 3448 praetermittendum
637 3376 683 3432 est
700 3374 834 3447 litteray
849 3373 971 3433 Gesneri
985 3372 1150 3432 editionem

134 3462 206 3521 anni
223 3463 307 3522 1774
323 3463 353 3520 11
366 3480 382 3520 1
396 3460 566 3521 Schneideri
581 3464 663 3521 1795
680 3461 850 3539 significari,
866 3461 939 3520 item
952 3461 1051 3521 varias
1066 3461 1148 3521 codi-
1272 3455 1273 3460 ’

134 3570 203 3611 cum
221 3567 329 3609 manus
345 3551 485 3626 numeris,
509 3548 562 3623 qui
581 3548 691 3608 litteris
709 3550 852 3626 adscripti
870 3552 949 3628 sunt,
967 3551 1004 3608 ut
1022 3548 1149 3608 adsolet.
