2556 3942
493 165 765 220 remorre-20,
1091 169 1134 234 23

117 311 300 398 profutura.
338 310 421 402 nihil
440 315 551 377 tamen
572 310 774 376 commodius
793 313 856 376 erit
874 313 930 377 diu
949 312 1134 379 custodien-

117 401 169 465 dis
196 399 384 483 frumentio,
414 405 513 484 quarn
541 400 569 464 si
597 422 636 464 ex
663 401 746 464 areis
768 401 804 464 in
827 401 966 467 alterum
989 401 1134 468 uicinum

116 491 228 554 locum
251 488 417 554 transfusa
441 488 676 574 refrigerentur
700 488 876 573 aliquantis
901 490 1014 556 diebus
1034 495 1133 575 atque

115 579 166 642 ita
197 577 323 642 horreis
356 577 549 642 inferantur.
593 580 695 663 negat
728 576 909 644 Columella
944 580 1177 644 uentilanda3

87 689 188 739 5erse
216 667 395 752 frumenta,
426 667 503 750 quia
530 666 635 752 magis
664 666 842 731 miscentur
868 667 1022 732 animalia
1051 670 1132 734 totis

114 755 252 821 aceruis.
294 777 375 840 quae
400 755 429 820 si
450 777 518 820 non
541 759 748 840 moueantur,
776 755 812 819 in
834 757 1022 823 summitate
1046 757 1134 822 intra

114 866 303 910 mensuram
321 844 424 928 palmi
444 844 624 909 subsistent
644 847 676 909 et
689 844 751 908 hoc
766 844 857 910 uelut
872 850 1026 929 corrupto
1042 846 1131 911 corio

114 938 227 1000 cetera
249 935 373 998 inlaesa
396 933 570 998 durabunt.
607 933 728 997 adserit
751 933 837 998 idem
860 935 1133 1004 noxiaanimalia

113 1023 206 1090 ultra
224 1023 425 1106 praedictam
443 1043 630 1087 mensuram
647 1044 715 1086 non
729 1043 825 1106 posse
840 1023 998 1108 generari.
1030 1024 1133 1088 herba

72 1144 99 1183 ιο
114 1134 240 1196 conyza
262 1111 357 1194 sicca,
379 1114 418 1176 ut
441 1109 558 1177 Graeci
581 1112 745 1196 adserunt,
768 1113 935 1177 substrata
958 1112 1131 1177 frumentis

114 1202 209 1266 addit
224 1199 334 1268 aetati.
358 1200 398 1266 ab
413 1200 539 1265 horreis
554 1203 664 1264 tamen
679 1203 789 1265 auster
801 1222 871 1266 esse
881 1202 979 1266 debet
988 1222 1131 1266 auersus.

403 1430 462 1495 DE
488 1428 591 1495 unul
613 1428 845 1496 FAOTORIO.

185 1555 310 1621 Olearia
340 1556 422 1621 cella
450 1554 636 1619 meridianis
666 1554 710 1618 sit
724 1553 861 1637 obiecta
884 1555 1034 1639 partibus
1060 1560 1093 1621 et
1121 1556 1184 1622 XX

114 1649 232 1711 contra
264 1644 369 1731 frigus
402 1643 541 1730 munita,
573 1646 612 1706 ut
641 1642 690 1707 illi
717 1666 776 1727 per
803 1644 985 1727 specularia
1013 1645 1130 1710 debeat

71 1766 98 1807 15
113 1736 228 1800 lumen
260 1733 399 1798 admitti.
446 1733 494 1797 ita
525 1734 559 1796 et
589 1754 717 1816 operas,
751 1754 832 1815 quae
863 1732 969 1805 hieme
1000 1733 1129 1799 futurae

114 1828 208 1907 sunt,
229 1823 340 1887 nullus
364 1823 458 1908 algor
481 1820 638 1906 inpediet:
663 1826 696 1885 et
720 1821 836 1904 oleum,
859 1843 932 1886 cum
955 1826 1130 1908 premetur,

112 1915 221 1978 iutum
245 1911 413 1995 teporibus
436 1910 560 1996 frigore
581 1931 647 1974 non
669 1910 795 1974 ualebit
815 1909 984 1996 adstringi.
1022 1916 1129 1996 trape-

112 2003 159 2066 tis
184 2004 218 2066 et
240 2000 358 2066 rotulis
383 2003 415 2064 et
438 1999 528 2083 prelo
551 2002 630 2062 nata
653 2003 704 2063 est
726 1999 845 2084 forma,
874 2021 972 2084 quam
997 2022 1130 2066 consue

111 2091 194 2156 tudo
214 2088 360 2154 dictauit.
396 2087 602 2171 receptacula
621 2087 684 2153 olei
703 2109 830 2172 semper
849 2090 969 2153 munda
988 2089 1064 2173 sint,
1087 2112 1127 2154 ne

69 2213 97 2250 20
111 2200 219 2244 nouos
246 2199 378 2262 sapores
402 2176 523 2241 infecta
545 2176 649 2240 ueteri
672 2198 807 2242 rancore
831 2182 1051 2262 corrumpant.
1093 2183 1127 2242 at

112 2269 143 2333 si
167 2267 241 2352 quis
265 2264 381 2331 maiori
404 2265 592 2351 diligentiae
617 2266 740 2349 studet,
769 2265 923 2331 subiectis
952 2265 1126 2331 hincinde

111 2356 271 2424 cuniculis
295 2355 484 2439 pauimenta
507 2354 684 2438 suspendat
707 2358 741 2418 et
759 2354 869 2438 ignem
889 2359 1045 2440 suggerat
1063 2355 1128 2420 for-

109 2467 192 2512 nace
216 2465 380 2510 succensa.
421 2443 470 2508 ite
492 2464 593 2527 purus
617 2443 704 2508 calor
728 2442 791 2507 olei
815 2443 932 2508 cellam
955 2444 1024 2509 sine
1043 2444 1126 2510 fumi

185 2679 200 2728 1
219 2671 300 2726 Nihil
317 2674 414 2726 tamen
432 2670 481 2724 diu
500 2669 693 2724 custodiendis
714 2669 862 2724 frumentis
881 2671 1053 2726 commodius
1073 2672 1127 2727 erit

15 2753 24 2768 ¹
108 2747 211 2816 iacys
237 2746 246 2814 11
274 2743 398 2797 3locum
415 2741 539 2796 vicinum
557 2743 668 2813 Eucqs
694 2744 703 2811 11
731 2740 798 2795 tin
816 2741 924 2796 horreis
943 2743 974 2796 E
994 2746 1003 2813 11
1028 2745 1127 2798 7001)-

108 2815 217 2870 sistunt
235 2817 262 2868 V
284 2819 288 2883 1
314 2813 399 2868 uelud
420 2813 443 2883 Q
469 2815 478 2882 11
506 2819 522 2866 8
545 2812 575 2866 in
599 2813 671 2867 lates
691 2812 896 2883 adorabuntQ
921 2814 924 2884 1
951 2813 1071 2867 asseruit
1088 2817 1100 2868 c‘
1117 2815 1127 2888 11

110 2893 147 2941 10
166 2903 273 2955 conyza
292 2886 425 2956 FEcys,
445 2883 544 2938 coniza
562 2885 641 2938 ceteri
668 2887 677 2954 11
705 2889 737 2937 11
758 2882 859 2937 addita
877 2884 966 2938 aetati
985 2885 1054 2955 Lo,
1077 2886 1126 2939 ad-

108 2957 190 3012 ditur
210 2959 244 3027 G,
264 2959 387 3012 aetatem
406 2957 437 3010 E
464 2957 468 3024 1
499 2955 584 3009 debet
604 2972 665 3009 esse
685 2955 806 3010 SGEe's
836 2955 839 3025 1
870 2955 1004 3008 aduersus
1018 2953 1119 3026 ’ῼΕ11

109 3035 147 3083 14
165 3028 314 3084 obmunita
323 3045 353 3097 p,
372 3027 482 3081 minuta
498 3026 523 3081 G
540 3029 544 3098 1
561 3026 647 3080 debet
662 3026 688 3081 G
701 3028 710 3096 11
725 3032 757 3079 15
772 3025 862 3095 frigus
876 3029 941 3095 (pro
954 3025 1059 3097 lumen)
1074 3029 1119 3100 Ε1

109 3107 145 3155 16
164 3100 259 3155 nullon
276 3100 317 3153 Ι,1
342 3100 346 3171 1
372 3097 570 3168 comprimetur
589 3098 620 3166 V,
645 3096 843 3167 compremitur
864 3097 897 3164 G,
919 3114 935 3148 v
954 3104 979 3152 ct
997 3114 1012 3152 e
1030 3116 1124 3168 sopra,

107 3190 175 3226 oum
192 3174 355 3242 prementur
373 3170 410 3237 F,
433 3187 497 3223 cum
518 3167 656 3238 premitur
673 3170 704 3222 E
716 3170 725 3238 11
740 3175 772 3222 17
793 3167 920 3221 iunctum
938 3169 969 3237 V,
988 3187 1070 3223 usum
1090 3171 1123 3239 G,

106 3243 171 3299 1010
186 3243 214 3311 S,
229 3242 325 3298 iuncto
339 3243 376 3309 E,
394 3240 523 3296 adiutum
536 3242 630 3311 iacys
646 3242 650 3310 1
666 3238 841 3310 temporibus
851 3238 977 3308 LQFF„
989 3243 1001 3310 11
1014 3247 1046 3294 18
1061 3258 1124 3310 pro-

106 3315 210 3370 1011010
228 3315 265 3382 Ε,
284 3316 383 3368 natam
404 3313 439 3383 Q,
458 3315 526 3366 nota
544 3311 651 3380 sen!
669 3327 729 3365 csse
750 3310 772 3379 Q
789 3312 792 3379 1
808 3309 928 3364 formam
946 3311 1044 3381 LQV,
1064 3312 1123 3366 eius

105 3387 201 3442 forma
219 3387 232 3439 c'
253 3388 263 3455 11
287 3391 320 3439 19
339 3382 461 3438 dictabit
479 3382 737 3452 LQVSTGFEr
763 3384 772 3450 11
800 3386 834 3434 20
852 3399 926 3437 nouo
946 3399 1044 3452 sapore
1063 3384 1097 3436 e'a
1118 3383 1121 3456 1

106 3457 233 3514 bancore
252 3457 283 3510 E
306 3459 310 3527 1
337 3456 549 3524 corrumpantur
567 3455 602 3524 11
627 3470 659 3507 ac
677 3453 787 3507 Lem·
809 3454 817 3520 11
841 3458 874 3505 21
895 3453 1016 3506 subiciat
1035 3452 1098 3506 ΕΕ
1114 3453 1124 3526 11

106 3529 291 3584 231001οΕ
