2556 3942
163 217 206 280 28
588 215 758 268 PALLADII

169 363 246 445 sale,
266 362 318 426 cui
337 361 402 426 mel
422 365 454 426 et
474 361 639 446 cyminum
658 360 791 445 aequale
808 361 995 426 miscentur.
1026 362 1180 446 peduclcs

168 473 281 515 earum
309 449 442 534 perimit
471 450 562 515 stafis
592 451 683 534 agria
710 454 742 514 et
770 449 983 514 torrefactum
1006 451 1181 536 cyminum,

165 538 258 624 paria
281 544 315 604 et
337 539 461 624 pariter
485 543 584 604 tunsa
603 561 676 604 cum
694 539 772 603 uino
792 542 825 603 et
844 539 946 603 amari
964 539 1068 623 lupini
1088 562 1181 624 aqua,

164 629 194 693 si
216 632 367 712 penetret
390 631 514 693 secreta
537 649 726 712 pennarum.

498 857 557 924 DE
583 856 849 922 PAVONIBVS.
1208 887 1221 926 5

115 983 263 1050 XXVIII
330 983 478 1048 Pauones
502 984 628 1048 nutrire
652 982 844 1047 facillimum
864 987 922 1066 est,
944 982 1009 1046 nisi
1027 982 1074 1047 eis
1093 983 1181 1048 fures

169 1078 228 1138 aut
261 1072 415 1138 animalia
447 1073 580 1137 inimica
610 1071 779 1136 formides:
813 1071 868 1155 qui
900 1072 1091 1155 plerumque
1123 1095 1183 1156 per

170 1183 268 1248 agros
300 1162 415 1247 uagati
447 1165 563 1246 sponte
596 1183 630 1225 se
662 1164 801 1245 pascunt
830 1160 1003 1244 pullosque
1032 1161 1182 1227 educunt.

167 1251 345 1316 altissimas
373 1272 509 1333 uespere
537 1250 671 1314 arbores
699 1253 825 1332 petunt.
864 1271 930 1313 una
954 1248 1007 1314 his
1031 1271 1108 1314 cura
1131 1250 1182 1315 de-

167 1341 277 1426 betur,
309 1343 348 1404 ut
375 1338 567 1404 incubantes
596 1361 655 1423 per
683 1359 798 1423 agrum
825 1336 976 1420 feminas,
1009 1359 1091 1422 quac
1119 1339 1224 1406 hccrc

168 1427 293 1514 passim
325 1427 464 1511 faciunt,
497 1451 516 1492 a
548 1428 645 1511 uulpe
679 1426 852 1491 custodiae.
898 1426 970 1490 ideo
999 1428 1033 1492 in
1064 1428 1182 1492 insulis

168 1518 325 1583 breuibus
349 1517 478 1581 meliori
501 1520 590 1581 sorte
613 1515 810 1580 nutriuntur.
847 1514 904 1579 uni
927 1515 1071 1580 masculo
1091 1516 1184 1581 femi-

122 1610 229 1674 anae
263 1606 405 1691 quinque
434 1605 610 1670 sufficiunt.
656 1604 792 1669 masculi
820 1626 882 1669 oua
910 1608 943 1668 et
968 1605 1077 1688 pullos
1106 1624 1183 1671 suos

168 1699 409 1782 persequuntur
441 1696 534 1760 uelut
564 1694 777 1779 alienigenas,
808 1692 998 1777 priusquam
1028 1693 1094 1757 illis
1124 1696 1182 1759 cri·

169 1790 296 1850 starum
323 1787 478 1848 nascatur
505 1783 642 1868 insigne.
686 1783 726 1845 ab
750 1781 857 1845 idibus
881 1780 1053 1848 februariis
1078 1784 1183 1848 calere
1200 1812 1227 1851 15

169 1874 341 1957 incipiunt.
377 1872 456 1937 faba
478 1871 596 1937 leuiter
619 1870 796 1936 torrefacta
817 1870 852 1935 in
874 1869 1044 1936 libidinem
1066 1894 1184 1956 prouc-

168 1967 297 2046 cantur‚
329 1962 358 2026 si
386 1962 432 2026 eis
462 1961 577 2045 quinto
607 1982 734 2044 quoque
763 1959 813 2024 die
841 1961 951 2043 tepida
978 1961 1184 2044 praebeatur.

169 2073 226 2116 sex
255 2051 366 2136 cyathi
393 2050 450 2115 uni
474 2049 650 2114 sufficiunt.
692 2049 875 2132 cupidinem
899 2048 1035 2113 coeundi
1059 2071 1185 2114 mascu-

167 2142 220 2206 lus
245 2139 434 2224 confitetur,
457 2139 585 2222 quoties
609 2137 696 2202 circa
719 2159 752 2201 se
771 2137 927 2202 amictum
952 2138 1072 2203 caudae
1096 2160 1184 2224 gem·

168 2230 290 2295 mantis
318 2229 470 2293 incuruat
497 2231 530 2291 et
554 2227 758 2311 singularum
782 2226 888 2310 capita
912 2226 1042 2290 oculata
1065 2249 1185 2310 penna-
1203 2257 1231 2294 rc

125 2321 146 2384 3
170 2340 243 2382 rum
266 2317 346 2382 locis
371 2318 438 2382 suis
461 2316 565 2380 exerit
584 2337 657 2379 cum
676 2315 815 2378 stridore
833 2336 1036 2399 procurrens.
1074 2315 1102 2379 si
1122 2337 1188 2382 cua

170 2427 337 2492 pauonum
365 2405 498 2491 gallinis
527 2404 765 2487 subponuntur,
794 2408 965 2468 excusatae
993 2408 1116 2469 matres
1143 2408 1187 2470 ab

171 2495 381 2560 incubatione
414 2493 520 2558 tribus
552 2492 680 2557 uicibus
712 2514 771 2577 per
803 2514 924 2556 annum
955 2491 1042 2557 fetus
1075 2495 1187 2559 edunt.

167 2585 293 2669 primus
323 2586 439 2667 partus
468 2582 611 2666 quinque
645 2602 796 2665 cuorum,
828 2580 986 2645 secundus
1020 2587 1189 2667 quattuor,

241 2799 255 2846 1
277 2791 411 2846 ciminum
433 2793 496 2846 Tio
512 2794 516 2863 1
532 2791 688 2845 Peduculos
709 2791 743 2860 G,
762 2789 898 2844 Pedulccs
913 2791 950 2860 Ε,
970 2790 1137 2846 Paediculca
1158 2813 1188 2864 a,

168 2864 315 2936 pediculos
334 2866 404 2935 iope
427 2867 436 2933 11
459 2870 474 2916 2
493 2862 609 2933 perimit
627 2879 677 2916 cm.
692 2863 741 2928 ΕΙ
763 2860 897 2916 ciminum
918 2862 1082 2932 1101113
1101 2864 1187 2933 paria

168 2938 266 3005 onaV,
290 2935 371 3006 paria
389 2936 513 3006 pondere
527 2935 622 3004 prceb.
637 2933 670 3001 S,
688 2932 751 3003 pari
768 2932 891 3002 pondere
909 2933 1008 3004 Ecce,
1028 2935 1188 3004 et-paria

168 3025 248 3076 corp
264 3011 268 3078 1
284 3008 403 3062 tonsaL
416 3010 426 3077 11
441 3013 456 3060 6
472 3006 511 3059 eis
527 3023 576 3060 om.
590 3005 744 3075 TFans
760 3009 763 3072 1
780 3003 854 3058 fures
869 3006 899 3058 et
912 3005 942 3057 E
954 3007 963 3073 11
978 3010 992 3057 7
1007 3004 1135 3074 plerique
1152 3007 1187 3078 V,

168 3095 219 3148 per
234 3095 315 3148 agros
330 3077 431 3150 uagari
444 3077 610 3148 plerumque
627 3076 657 3145 Q,
676 3093 726 3145 per
745 3091 827 3144 agros
843 3078 980 3144 uagantes
995 3075 1150 3145 plurimum
1166 3081 1185 3148 i,

168 3149 333 3219 plerumque
351 3167 402 3220 per
420 3165 503 3220 agros
522 3150 661 3218 uagantes
680 3149 808 3217 0090118
825 3146 950 3226 ¹educant
964 3163 1017 3217 cpe
1029 3149 1069 3216 119
1090 3151 1120 3202 et
1132 3148 1185 3230 alt.

168 3217 1187 3360 1111111111111111112111211111221111111111

168 3364 302 3416 secuntur
324 3362 387 3432 QG,
407 3363 591 3416 consecuntur
608 3361 639 3412 E
662 3359 773 3431 lueluti
794 3359 827 3428 G,
851 3359 937 3413 uelud
955 3361 986 3414 E
1003 3363 1012 3431 11
1036 3366 1069 3414 15
1089 3363 1187 3416 nasci-

167 3433 258 3503 turQ
285 3435 294 3501 11
323 3437 356 3485 18
381 3432 450 3486 oiati
472 3431 570 3498 LVS,
594 3429 686 3498 quiati
710 3431 771 3500 QY,
794 3429 875 3498 quati
896 3431 929 3499 G,
956 3430 1052 3500 cyathi
1075 3436 1158 3488 ceteri
1181 3435 1184 3507 1

167 3503 228 3557 uini
243 3504 298 3558 SE
320 3507 323 3572 1
353 3509 386 3556 19
411 3502 531 3556 amicum
549 3502 580 3555 E
605 3503 614 3570 11
642 3507 675 3555 20
695 3501 867 3571 singulorum
885 3503 916 3554 Ε
938 3503 941 3572 1
967 3501 1097 3556 occulata
1115 3505 1186 3574 VG,

171 3574 283 3628 occulta
335 3575 422 3628 Erae
439 3577 442 3644 1
458 3574 608 3642 pinnarum
626 3573 683 3642 LQ
706 3575 714 3642 11
738 3579 770 3625 21
790 3576 873 3626 erent
891 3573 913 3627 S
933 3576 942 3643 11
966 3579 999 3626 24
1019 3590 1136 3628 ouarum
1162 3578 1188 3647 Q
