2524 3946
178 200 243 264 130
599 200 769 255 PALLADE

175 347 263 412 lecta
290 346 510 430 inprimantur
537 346 648 412 oannis
672 346 810 431 singulis
831 345 885 410 uel
908 344 1054 410 sambuci
1076 345 1185 431 uirgu-

176 435 219 500 lis
242 436 346 499 etita
369 439 521 519 separata
541 436 577 499 in
598 435 729 500 harenis
751 437 908 520 figantur,
934 438 973 498 ut
999 433 1070 517 ipsa
1093 439 1184 518 quat

175 528 253 588 tuor
276 525 392 609 digitis
414 525 580 589 emineant
602 525 644 589 ab
666 524 796 588 harena
831 523 895 588 hoc
914 526 947 587 et
964 523 1025 587 sub
1043 527 1131 588 tecto
1150 523 1184 587 in

176 613 292 677 scrobe
323 613 394 678 lieri
427 617 539 698 potest
569 618 604 677 et
629 610 744 678 utilius
772 616 822 676 est
850 612 891 676 ad
917 612 1124 692 semandum,
1156 612 1183 676 si

121 702 250 767 10cum
278 725 371 768 ramo
397 703 547 787 longiore
574 701 740 765 tollantur.
786 701 882 765 aliter
907 701 944 765 in
970 700 1100 784 seriola,
1132 701 1218 765 cuis

175 791 216 855 ad
248 792 391 855 medium
423 813 509 875 aqua
539 790 707 874 mittatur,
741 789 981 873 suspenduntur
1010 790 1112 872 mala,
1142 811 1183 854 ne

115 908 119 914 ·
173 901 322 945 umorem
350 884 504 965 tang-ant,
537 882 570 943 et
597 879 683 943 seria
710 877 884 962 clauditur,
916 899 957 942 ne
988 881 1106 942 uentus
1138 879 1184 942 in-

172 973 314 1053 rumpat
352 969 434 1033 item
456 971 492 1033 in
514 967 602 1033 dolio
625 966 713 1032 intra
734 967 892 1032 hordeum
905 967 962 1042 ‚sic
984 967 1183 1050 ordinantur,

172 1078 214 1121 ne
229 1079 263 1122 se
278 1058 422 1123 inuicem
435 1059 587 1142 tangant:
601 1057 724 1121 dolium
738 1057 876 1139 desuper
890 1056 1043 1140 operitur.
1070 1056 1184 1119 uinum

173 1147 213 1211 de
237 1146 332 1211 malis
356 1147 504 1231 granatis
527 1145 679 1210 conficies
701 1144 764 1210 hoc
787 1145 893 1209 modo.
930 1165 1031 1229 grana
1055 1148 1184 1208 matura
1196 1169 1216 1208 o

172 1240 315 1320 purgata
337 1235 511 1320 diligenter
533 1233 569 1298 in
590 1235 719 1318 palmea
736 1233 860 1298 fiscella
878 1232 999 1317 mittes,
1021 1232 1056 1297 in
1075 1234 1184 1298 coclea

172 1321 335 1407 exprimes
354 1328 389 1387 et
406 1323 525 1388 leniter
543 1344 662 1406 coques
679 1344 783 1406 usque
802 1322 842 1386 ad
861 1321 1076 1386 medietatem.
1110 1344 1183 1386 cum

171 1411 350 1494 refrixerit,
381 1413 499 1496 picatis
532 1416 566 1476 et
594 1411 743 1496 gypsatis
772 1411 914 1476 uasculis
942 1410 1080 1475 claudes.
1127 1411 1184 1475 alii

172 1521 287 1564 sucum
314 1522 380 1564 non
407 1504 606 1585 excoquunt,
639 1501 696 1564 sed
728 1499 866 1584 singulis
898 1499 1049 1564 sextariis
1080 1498 1182 1564 libras

171 1587 279 1652 mellis
298 1589 445 1674 singulas
461 1591 602 1655 miscent
617 1593 652 1653 et
664 1589 699 1663 in
713 1588 879 1673 praedicta
892 1609 972 1652 uasa
985 1589 1183 1653 custodiunt.
1196 1611 1216 1652 u

119 1677 159 1741 11
238 1675 298 1742 DE
328 1675 497 1743 OITREO.
545 1678 656 1742 Mense
688 1677 806 1741 martio
839 1677 913 1742 citri
944 1678 1041 1741 arbor
1069 1678 1182 1742 multis

172 1765 277 1829 modis
302 1767 435 1850 seritur,
458 1766 593 1845 semiue,
615 1788 723 1850 ramo,
744 1766 845 1844 talea,
868 1765 969 1830 claua.
1008 1772 1098 1831 amat
1121 1770 1183 1831 ter·

170 1874 239 1917 ram
258 1855 393 1920 rarioris
412 1859 557 1936 naturae,
575 1854 700 1920 caelum
719 1855 860 1920 calidum
878 1876 1091 1939 umoremque
1110 1876 1182 1920 oon·

170 1939 309 2007 tinuum.
351 1943 379 2007 si
402 1945 513 2029 granis
537 1943 620 2008 uelis
644 1966 759 2027 serere,
782 1943 830 2007 ita
851 1943 960 2008 facies.
1001 1947 1124 2009 terram
1148 1945 1182 2008 in

169 2030 251 2096 duos
283 2032 381 2115 pedes
413 2031 533 2116 fodies,
566 2033 706 2097 cinerem
739 2032 907 2114 miscebis,
941 2033 1056 2096 breues
1090 2055 1181 2097 areas
1194 2059 1216 2096 a

169 2119 283 2202 facies,
313 2125 353 2184 ut
384 2120 549 2204 utrimque
576 2142 635 2205 per
663 2120 791 2186 canales
819 2142 904 2204 aqua
931 2121 1102 2186 discurrat.
1148 2123 1182 2186 in
1254 2117 1255 2176 l

168 2207 221 2273 his
250 2208 334 2274 areis
362 2210 541 2292 palmarem
565 2210 714 2274 scrobem
737 2209 886 2274 manibus
910 2210 1034 2294 aperies
1061 2214 1096 2275 st
1118 2213 1182 2274 tria

169 2318 272 2382 grana
305 2298 456 2362 deorsum
488 2319 583 2363 uerso
600 2296 763 2363 ⁴acumine
797 2297 908 2364 iuncta
934 2297 1117 2364 constitues
1150 2304 1182 2364 et

169 2386 288 2450 obruta
316 2384 434 2450 cotidie
457 2386 588 2471 rigabis.
635 2385 730 2451 citius
754 2387 943 2472 procedent,
970 2386 999 2450 si
1022 2388 1181 2453 beneficio
1253 2465 1254 2482 ,

173 2698 178 2710 .
239 2633 254 2680 2
273 2629 306 2681 ut
326 2627 435 2710 etipsa
455 2629 482 2684 G
495 2633 534 2700 113
553 2631 583 2684 in
602 2632 698 2685 scrobe
721 2630 882 2702 bipedanea
900 2633 997 2700 Fica,
1017 2631 1180 2703 bipedanea
1252 2671 1253 2700 ,

166 2699 230 2753 caol.
246 2715 282 2769 cp
303 2700 313 2768 11
335 2705 352 2752 4
373 2717 465 2753 smum
478 2717 533 2769 pro
552 2701 575 2755 ei
595 2719 658 2756 oum
676 2703 746 2772 PL,
771 2720 834 2756 cum
852 2705 884 2757 ia
901 2721 1002 2758 rasura
1020 2704 1052 2771 V,
1075 2706 1125 2758 est.
1155 2703 1179 2758 si
1252 2713 1253 2760 1

167 2769 375 2824 sdsemandum
394 2770 494 2826 sinum.
514 2789 593 2828 ramo
609 2774 688 2843 6115
707 2773 878 2828 Inseriolacu
892 2774 926 2842 P,
945 2773 1031 2828 inseri
1050 2775 1109 2829 olla
1122 2776 1155 2829 E
1170 2776 1179 2846 11

166 2847 182 2895 6
202 2844 232 2896 et
250 2859 323 2910 susp.
340 2841 390 2966 Oi
410 2847 424 2895 7
443 2843 559 2898 humore
577 2847 732 2914 tangantur
749 2845 780 2898 E
794 2846 798 2917 1
813 2845 929 2899 miseria
949 2845 991 2916 111
1008 2844 1180 2901 clauduntur

165 2913 252 2968 PSE
263 2915 303 2982 119
323 2915 353 2966 et
390 2911 477 2968 olium
499 2915 623 2985 QGiaa
648 2918 678 2970 et
695 2917 758 2971 incl.
774 2933 821 2987 cp,
841 2916 954 2971 Dolium
971 2933 1040 2970 uero
1060 2917 1179 2988 desuper

165 2982 280 3052 ponitur
297 2985 339 3053 E,
359 2983 424 3040 dolo
443 2985 563 3056 desuper
581 2989 678 3056 operto
699 2988 791 3057 Τ1111
811 2987 952 3057 palmeam
969 2987 1105 3042 fiscellam
1124 2989 1151 3043 G
1172 2990 1175 3060 1

164 3052 255 3106 mittis
274 3072 364 3111 omncs
373 3063 484 3126 praem
499 3057 524 3110 G
541 3060 547 3138 1
561 3059 590 3138 et
603 3057 634 3111 in
647 3057 759 3127 saus,
779 3059 832 3131 [et]
849 3058 879 3112 in
893 3075 952 3182 acp
968 3060 972 3129 1
989 3058 1097 3114 cloclea
1111 3060 1176 3127 PL,

166 3123 280 3178 cochlea
298 3127 356 3181 edd.
380 3130 390 3197 11
414 3134 446 3181 12
471 3143 602 3198 expumrs
626 3145 716 3184 omnes
729 3136 840 3198 praeter
859 3131 885 3186 G
910 3131 914 3201 Ι
951 3129 1041 3184 euiter
1060 3131 1096 3198 F,
1114 3130 1176 3185 lene

167 3195 275 3265 (lacps
287 3197 297 3264 11
312 3202 345 3250 13
363 3197 506 3268 redigerit
524 3199 573 3269 ΕΙ
589 3198 709 3269 gipsatis
730 3202 756 3255 T
771 3203 815 3255 hic
833 3202 949 3270 altisque
967 3201 1032 3256 locis
1046 3202 1056 3272 11
1069 3201 1176 3256 claudis

164 3266 176 3319 i
194 3271 219 3319 et
236 3266 339 3320 codices
353 3275 463 3336 praeter
483 3269 509 3323 G
525 3274 529 3337 1
549 3267 647 3338 Aliqui
666 3287 742 3340 acps
763 3273 767 3342 1
788 3271 1048 3326 alii-custodiunt
1066 3289 1150 3341 ooap
1167 3273 1176 3344 11

165 3341 199 3416 16
217 3335 363 3405 praedicto
381 3353 450 3392 uase
470 3339 524 3407 Gi,
542 3341 660 3394 uasoula
677 3345 787 3410 ponunt
805 3345 834 3396 et
851 3344 888 3412 E,
907 3342 1061 3412 praedictis
1079 3359 1175 3397 vascu-

164 3405 200 3459 lrs
218 3408 327 3474 ponunt
345 3409 374 3460 et
392 3425 429 3463 oc
455 3411 539 3478 81116
559 3414 680 3476 quatuor
694 3429 748 3479 pro
765 3412 863 3466 multis
882 3414 991 3484 Focps
1009 3416 1018 3481 11
1038 3419 1071 3468 11
1090 3413 1174 3482 talea,

165 3475 249 3529 claua
266 3492 350 3544 ooap
366 3478 370 3545 1
387 3427 469 3534 clais
487 3480 544 3549 Po
553 3480 626 3533 VEc'
647 3485 657 3550 11
681 3487 713 3535 18
732 3500 787 3550 que
806 3485 971 3552 0111111110
994 3485 1103 3540 duobus
1121 3487 1149 3539 L
1166 3487 1174 3556 11

165 3549 198 3597 22
216 3545 372 3614 palmarem
390 3563 440 3602 om.
452 3566 473 3617 p
486 3552 496 3618 11
510 3556 544 3603 23
563 3567 640 3620 guna
658 3552 691 3620 P,
710 3568 851 3622 generap
