2538 3942
338 207 490 262 PALLAD.
509 207 626 262 AGRIC.
641 207 693 262 VII
708 215 776 262 1-2
1000 209 1060 273 171

111 352 135 417 X
162 354 212 420 Dc
237 354 309 419 oleo
334 353 598 419 chamaemelino.

97 440 133 506 III
161 443 211 508 De
235 443 403 508 oenanthe.

85 528 133 595 XII
161 531 211 597 De
235 531 334 597 slfitc.

73 615 133 684 XIII
161 621 212 686 De
234 621 335 686 horis,

476 729 634 738 *—

52 961 60 1000 s
328 940 389 1007 DE
412 940 536 1006 AREA
558 939 781 1006 PARANDA.

116 1065 185 1132 Hoc
214 1088 323 1131 mense
352 1088 426 1130 arca
452 1066 597 1149 parando
625 1069 676 1128 est
704 1065 744 1129 sd
771 1065 938 1149 trituram,
967 1065 1058 1130 cuius
1095 1065 1113 1130 Ι

67 1152 151 1232 primo
184 1160 274 1219 terra
305 1155 446 1219 radatur.
498 1153 611 1218 deinde
645 1154 763 1218 effossa
794 1153 912 1219 leuiter
945 1154 1057 1218 mixtis

66 1241 148 1321 paleis
172 1248 206 1308 et
230 1265 362 1308 amurca
385 1248 544 1327 sequatur
567 1243 704 1307 insulsa:
733 1265 815 1326 quse
842 1264 894 1307 res
919 1265 938 1306 a
961 1243 1058 1307 muri-

67 1327 110 1395 bus
127 1337 160 1396 et
177 1331 325 1398 formicis
344 1332 508 1396 frumenta
527 1331 681 1396 defendit.
715 1335 794 1397 tuno
812 1333 988 1415 premenda
1007 1337 1058 1396 est

41 1441 57 1480 u
66 1422 185 1486 rotundo
215 1421 322 1505 lapide
349 1421 404 1486 uel
432 1421 601 1485 columnae
629 1441 833 1504 quocumque
863 1420 1058 1506 fragmento,

66 1508 137 1574 cuius
156 1510 319 1575 uolutatio
338 1508 445 1594 possit
464 1509 533 1574 eius
553 1511 661 1593 spatis
680 1509 829 1574 solidare.
858 1509 974 1575 dehinc
989 1509 1058 1574 sole

65 1594 193 1663 siccetur.
241 1598 343 1683 aliqui
375 1598 539 1664 mundatis
572 1598 655 1663 creis
685 1619 803 1681 aquam
831 1603 991 1684 spargunt
1025 1603 1057 1663 et

65 1685 172 1752 minuto
199 1687 246 1752 ibi
274 1710 392 1772 pecora
420 1686 476 1752 diu
499 1687 635 1771 spatiari
659 1709 696 1751 sc
719 1687 907 1770 proculcare
930 1688 1057 1771 conpel-

64 1769 127 1840 lunt.
172 1780 206 1842 et
233 1799 308 1842 cum
337 1782 425 1842 terra
454 1776 585 1861 ungulis
614 1775 731 1840 stricta
760 1775 874 1860 fuerit,
907 1781 1057 1860 spectant

38 1863 184 1929 usolidcm
208 1866 398 1930 siccitatem.

394 2095 453 2161 DE
478 2093 704 2161 MESSIBVS.

113 2218 205 2285 Nunc
236 2220 343 2304 primo
373 2219 488 2285 hordei
516 2220 632 2284 messis
661 2219 830 2303 incipitur,
863 2240 946 2302 quae
979 2241 1054 2283 con·
1074 2220 1107 2285 ΙΙ

61 2310 233 2375 commanda
257 2313 316 2392 cst,
339 2314 515 2392 antequam
539 2330 641 2394 grans
663 2308 814 2373 arefactis
839 2305 938 2392 spicis
961 2308 1055 2391 lapsa

61 2392 223 2482 decurrant,
247 2399 324 2482 quis
346 2397 446 2462 nullis
466 2398 551 2462 sicut
570 2397 716 2461 triticum
735 2396 892 2462 folliculis
912 2397 1054 2461 uestiun-

36 2484 109 2550 utur.
143 2487 283 2572 quinque
308 2487 433 2551 modios
457 2485 599 2552 recidere
622 2489 732 2570 potest
747 2486 845 2569 'pleni
865 2486 936 2571 agri
955 2508 1054 2570 opera

60 2591 110 2636 unc
127 2575 278 2641 messoris
298 2574 433 2661 experti,
452 2575 623 2640 mediocris
641 2597 719 2639 uero
733 2579 811 2658 tres,
829 2574 938 2638 ultimi
954 2574 1054 2640 etiam

61 2660 157 2728 minus.
194 2665 258 2730 sed
273 2665 387 2729 hordei
411 2665 535 2729 culmos
559 2665 663 2728 iacere
689 2665 723 2726 in
741 2665 829 2750 egris
850 2665 1054 2748 aliquantum

118 2861 130 2908 1
150 2856 256 2910 comelo
275 2857 308 2924 V,
328 2855 481 2910 osmomelo
503 2855 536 2922 G,
557 2855 731 2910 comemilleo
750 2858 775 2924 i,
795 2854 1007 2910 chamuemilleo
1027 2873 1053 2923 a,

60 2920 232 2981 chamaemelo
260 2944 308 2997 ys,
342 2927 493 2980 cumemelo
517 2928 597 2981 ceteri
623 2930 632 2997 {l
660 2934 676 2980 2
704 2927 762 2981 Deo
779 2926 914 2996 ¹encntho
944 2926 982 2993 G,
1012 2924 1053 2980 De

60 2999 162 3052 enanthe
195 2999 247 3052 alii
277 3000 287 3068 II
319 3004 335 3050 3
368 2997 488 3068 Alphicu
515 3000 540 3066 i,
574 2997 648 3052 ulica
675 3017 693 3053 a
724 3001 733 3068 II
765 2997 897 3051 MENSIS
928 2995 1053 3051 IVNIVS

59 3065 149 3124 adduct
179 3071 282 3125 codices
314 3071 435 3139 (practer
458 3070 500 3139 E)
529 3070 587 3124 cti
618 3073 628 3140 ll
665 3076 680 3123 6
708 3068 787 3122 lunio
817 3083 912 3122 mense
940 3086 1017 3140 ocos
1051 3069 1054 3141 I

60 3137 217 3208 cacquecur
235 3140 274 3195 81
300 3142 310 3209 ΙΙ
339 3146 369 3193 11
395 3139 458 3194 Sole
478 3140 579 3194 dehinc
597 3140 737 3195 siccentur
756 3141 787 3194 E
811 3142 820 3209 ΙΙ
849 3145 881 3193 12
907 3139 979 3194 aeris
1000 3142 1028 3194 P

59 3218 119 3274 tque
136 3212 291 3281 PLQVF
315 3214 324 3280 ΙΙ
353 3218 386 3265 14
409 3211 493 3264 fricta¹
513 3213 539 3265 G
565 3214 575 3281 ΙΙ
603 3218 635 3266 16
660 3211 708 3265 DE
727 3209 844 3264 Mussu
864 3209 976 3265 ORDEI
996 3213 1027 3265 E
1042 3211 1053 3284 Η

59 3280 83 3329 ll
98 3281 182 3349 prims
202 3282 228 3337 G
249 3283 253 3354 Ι
278 3282 376 3336 messis
396 3282 473 3336 ordei
492 3283 522 3336 E
541 3284 544 3353 I
570 3282 705 3337 inciditur
723 3283 760 3350 E,
779 3280 914 3350 recipitur
928 3301 951 3352 p
967 3300 970 3353 Ι
987 3300 1051 3337 con-

59 3354 175 3408 sumenda
198 3356 226 3408 P
233 3354 329 3422 VSE,
357 3355 575 3407 consummenda
598 3355 637 3422 L,
666 3353 887 3407 consumcndsc'
913 3356 923 3422 ΙΙ
951 3359 983 3407 18
1009 3357 1052 3408 est

59 3433 98 3473 vm.
111 3424 137 3476 E
163 3427 167 3496 l
196 3441 316 3495 grunarc
335 3423 432 3478 fractis
451 3425 552 3495 Pho,
576 3442 665 3494 grana
688 3425 764 3494 (rus.)
788 3423 886 3477 fractis
905 3425 936 3491 V,
962 3441 1051 3493 grana

59 3490 167 3568 refractis
198 3497 287 3551 TFc
317 3498 327 3566 ΙΙ
359 3502 391 3549 21
420 3495 543 3549 Vltimus
567 3497 597 3549 E
627 3499 636 3565 ll
669 3501 702 3547 22
731 3493 939 3562 aliquantulum
966 3495 1053 3549 STE

59 3575 136 3634 cocos
