2556 3942
188 189 231 252 60
610 188 779 243 PALLADII

191 338 286 399 testa.
327 335 479 398 candidae
503 334 574 399 fieri
597 337 762 418 putantur,
786 333 814 397 si
837 333 981 398 fluminis
1004 334 1130 399 harena
1152 337 1213 400 uel

188 423 297 487 litoris
329 423 517 506 frequenter
549 426 723 507 spargatur
755 423 789 486 in
822 423 960 506 medias,
992 427 1025 487 et
1056 424 1212 490 collectis

145 511 166 575 3
189 513 281 595 ipsae
309 510 398 577 foliis
419 511 608 598 alligentur.
646 510 674 574 si
696 509 780 576 uitio
804 511 869 576 loci
892 512 944 576 uel
967 511 1127 596 temporis
1150 516 1213 578 uel

190 600 323 665 seminis
352 601 418 665 cito
446 601 574 665 lactuca
601 600 757 684 durescit,
788 600 902 684 planta
930 601 998 665 eius
1027 600 1144 665 auulsa
1176 607 1215 667 et

189 690 295 754 denuo
318 689 427 773 posita
450 688 701 754 teneritudinem
724 693 950 773 consequetur.
988 690 1068 754 item
1087 691 1212 756 multis
1240 721 1252 759 ⁵

190 777 369 843 seminibus
389 779 521 843 condita
538 781 700 861 nascetur,
724 778 751 841 si
771 777 896 862 caprini
915 779 1067 844 stercoris
1085 779 1213 845 bacam

190 867 306 931 subula
335 867 501 931 subtiliter
526 866 692 932 excauaris
721 866 811 931 etin
841 889 878 930 ea
907 889 1018 932 semen
1045 868 1211 950 lactucae,

187 957 354 1040 nasturtii,
377 956 484 1040 ocimi,
507 978 630 1035 erucae,
649 954 766 1020 radicis
786 953 959 1039 inmiseris,
980 960 1058 1021 tunc
1076 956 1213 1022 inuolu-

188 1049 258 1109 tam
289 1045 367 1109 fimo
406 1046 521 1110 bacam
558 1050 647 1108 terra
681 1045 802 1128 optime
836 1045 925 1108 culta
960 1044 1053 1109 breui
1086 1049 1212 1112 scrobe

189 1133 389 1198 demerseris.
425 1134 558 1197 rafanus
577 1133 697 1197 nititur
714 1133 749 1197 in
767 1132 917 1198 radicem.
951 1138 1058 1197 cetera
1077 1136 1213 1200 semina
1227 1165 1251 1203 ιο

188 1223 223 1287 in
252 1244 379 1287 summo
403 1222 532 1287 lactuca
554 1221 677 1305 pariter
701 1227 869 1306 mergente
892 1221 1068 1306 prosiliunt
1090 1223 1212 1309 singu·

143 1310 165 1374 4
187 1312 294 1376 lorum
315 1333 428 1394 sapore
449 1314 588 1375 seruato,
626 1310 682 1374 alii
700 1309 763 1375 hoc
782 1312 829 1374 ita
848 1311 1076 1395 adsequuntur.
1114 1315 1214 1378 auul-

190 1422 244 1464 sae
264 1399 410 1464 lactucae
429 1399 509 1465 folia
528 1403 675 1484 carpunt,
699 1421 780 1484 quae
802 1399 965 1464 radicibus
983 1399 1096 1464 iuncta
1117 1409 1213 1486 sunt,

189 1492 222 1552 et
250 1487 285 1553 in
314 1488 434 1552 eisdem
464 1487 619 1574 gradibus
648 1489 776 1553 surculo
804 1488 934 1572 punctis
961 1493 1092 1573 praeter
1120 1491 1212 1555 rafa-

188 1599 267 1641 num
300 1579 425 1642 semina
458 1577 646 1661 supradicta
677 1577 843 1661 deponunt
870 1599 908 1642 ac
935 1577 1012 1642 fimo
1041 1576 1211 1645 adlinunt.
1227 1609 1250 1648 15

189 1666 236 1730 sic
260 1665 379 1730 obruta
401 1667 521 1731 iterum
544 1666 672 1731 lactuca
689 1665 930 1750 praedictorum
950 1667 1111 1730 seminum
1131 1689 1212 1734 cau·

188 1755 275 1818 libus
305 1756 476 1819 ambietur.
522 1756 651 1820 lactuca
678 1755 765 1820 dicta
793 1758 856 1838 est,
884 1755 972 1838 quod
1002 1755 1213 1822 abundantia

145 1841 284 1907 blactis
322 1844 483 1909 exuberet.
538 1843 600 1908 hoo
631 1865 742 1908 mense
773 1842 972 1908 nasturtium
1005 1847 1138 1909 constat
1175 1854 1212 1912 et

189 1933 277 1996 omni
302 1936 449 2018 tempore
473 1955 543 1998 esse
561 1933 756 2016 ponendum,
779 1932 861 2015 lucc,
885 1932 974 2016 quali
992 1931 1146 2016 placebit,
1175 1942 1213 2001 et

190 2020 293 2086 caelo:
315 2022 429 2086 fimum
451 2042 518 2085 non
541 2021 716 2086 desiderat:
738 2043 886 2086 umorem
905 2021 1053 2105 quamuis
1074 2021 1211 2108 diligat,
1226 2054 1249 2092 eo

188 2115 299 2175 tamen
319 2111 428 2175 deesse
447 2132 512 2175 non
532 2115 634 2174 curat.
671 2110 791 2175 sicum
812 2110 940 2175 lactuca
954 2113 1090 2186 seratur,
1110 2116 1211 2179 nasci

189 2199 293 2264 fertur
316 2199 456 2286 egregie.
496 2203 529 2263 et
552 2221 638 2263 nunc
657 2204 690 2262 et
709 2199 885 2282 mensibus,
909 2199 1027 2282 quibus
1046 2198 1212 2282 uoluerin,

189 2291 222 2352 et
245 2288 326 2353 locis
350 2310 480 2353 erucam
504 2309 610 2352 serere
633 2287 680 2350 nil
703 2288 850 2351 moreris.
886 2287 949 2352 hoc
971 2287 1071 2350 etiam
1089 2310 1212 2356 mense

189 2377 297 2441 caules
331 2381 363 2440 et
391 2381 463 2442 toto
492 2399 576 2440 anno
606 2377 670 2441 seri
696 2380 848 2460 possunt,
881 2377 938 2441 sed
969 2376 1086 2440 melius
1120 2377 1213 2464 aliis,

261 2626 274 2673 1
295 2623 371 2674 resta
380 2622 411 2675 E
426 2624 429 2689 Ι
445 2624 588 2691 putantur.
610 2637 695 2675 arena
709 2619 732 2674 si
742 2619 833 2674 litoris
842 2622 873 2674 Ε
885 2624 894 2691 ΙΙ
909 2627 924 2674 3
939 2620 999 2692 ipse
1012 2622 1045 2689 G,
1060 2621 1125 2691 ipsa
1139 2623 1213 2695 VF,

188 2689 257 2761 ipsis
276 2692 307 2744 Ε
327 2694 336 2762 ΙΙ
360 2698 375 2745 5
395 2692 575 2761 consequitur
592 2693 634 2761 E,
659 2695 847 2761 exequeturp
869 2695 879 2762 ΙΙ
903 2700 917 2746 7
941 2690 1070 2746 exauaris
1094 2693 1131 2763 F,
1158 2712 1212 2750 ex-

189 2761 335 2817 cauaueris
349 2764 380 2816 E
386 2763 524 2846 ’Pincus
537 2765 546 2832 ΙΙ
561 2768 577 2817 8
595 2761 721 2818 nasturci
736 2765 772 2832 E,
792 2762 865 2832 cymi
881 2763 953 2831 GE,
972 2763 1116 2818 nasturcio
1136 2765 1213 2822 cimi

188 2851 288 2888 erucae
307 2836 347 2902 L,
372 2834 671 2889 nasturc1ocimerucae
698 2835 732 2905 Q,
760 2833 902 2888 nasturcio
932 2833 1021 2889 cimae
1044 2851 1147 2890 erucae
1175 2841 1212 2908 V,

188 2905 314 2959 nasturci
338 2905 421 2959 ocimi
445 2922 544 2960 erucae
563 2906 596 2974 S,
620 2905 763 2959 nasturcio
782 2904 853 2959 cimo
873 2921 972 2959 erucae
993 2907 1025 2974 T,
1048 2909 1211 2966 nasturcio.

189 2975 292 3032 cimini.
322 2993 421 3030 erucae
440 2977 476 3045 Ε,
499 2977 623 3031 uastatio
648 2993 788 3046 erucaep
813 2979 817 3047 Ι
841 2976 950 3031 radices
969 2977 1001 3046 V,
1027 2977 1128 3032 rafano
1148 2981 1185 3034 F
1205 2985 1209 3056 Ι

188 3050 218 3100 et
235 3050 302 3101 tunc
322 3066 398 3119 acus
419 3053 427 3117 Ι
451 3054 466 3101 9
486 3051 577 3102 terrae
600 3049 717 3104 VSEG
742 3048 746 3118 Ι
771 3047 894 3118 optimae
914 3048 1020 3102 cultam
1038 3049 1070 3117 V,
1095 3050 1212 3120 optime

189 3118 282 3172 cultae
303 3119 329 3173 G
344 3121 348 3190 Ι
365 3119 448 3174 scobe
467 3121 498 3173 E
509 3121 518 3190 ΙΙ
533 3126 566 3173 10
585 3119 708 3174 mittitur
726 3121 753 3174 L
766 3121 775 3190 ΙΙ
790 3125 822 3173 12
843 3118 1072 3173 alii—exuberet
1090 3138 1142 3176 om.
1154 3141 1182 3192 p
1201 3127 1213 3198 ΙΙ

190 3195 223 3242 14
242 3188 272 3242 in
294 3207 344 3244 om.
365 3192 396 3244 E
423 3193 427 3260 Ι
457 3190 567 3261 punctis
591 3193 603 3245 a·
633 3193 642 3260 ΙΙ
675 3197 707 3245 15
732 3189 875 3244 adliniunt
896 3191 949 3245 Εα
980 3193 989 3261 ΙΙ
1022 3197 1054 3244 17
1076 3191 1211 3264 ambige-

188 3262 235 3314 tur
265 3261 290 3314 G
328 3261 333 3331 Ι
371 3261 483 3315 lactuca
498 3293 530 3300 —
546 3262 680 3315 exuberet
710 3263 773 3317 incl.
799 3279 817 3332 9
852 3264 861 3330 ΙΙ
899 3268 932 3316 18
964 3261 1013 3315 DE
1040 3261 1213 3320 NASTVR·

189 3331 246 3386 010
275 3333 326 3385 ias.
351 3333 382 3384 Ε
414 3335 417 3401 Ι
452 3334 614 3386 nasturcum
632 3333 659 3385 V
685 3335 688 3402 Ι
719 3335 748 3386 et
774 3350 824 3387 om.
854 3334 880 3385 V
908 3336 917 3402 ΙΙ
950 3338 982 3386 19
1007 3348 1040 3384 ex
1064 3334 1143 3388 omni
1168 3340 1213 3412 1ἸΙ

189 3409 223 3456 20
247 3402 355 3456 fumum
378 3403 435 3456 PL
458 3406 467 3472 ΙΙ
491 3409 523 3455 23
548 3402 596 3455 DE
620 3402 742 3457 ERVCA
761 3421 814 3472 pro
842 3405 871 3457 et
893 3403 962 3457 locis
986 3404 1017 3456 Ε
1039 3405 1043 3473 Ι
1068 3403 1143 3458 nihil
1173 3410 1211 3477 G,

188 3473 277 3528 nichil
296 3473 362 3539 SE,
381 3489 438 3526 non
452 3491 474 3542 p
490 3474 494 3542 Ι
510 3472 558 3525 DE
578 3472 755 3528 CAVLIBVS
773 3477 825 3529 ias.
841 3475 872 3528 Ε
884 3476 892 3544 ΙΙ
908 3480 942 3528 24
961 3474 1212 3534 caules—mense

188 3561 238 3599 om.
262 3546 287 3598 Τ
