2538 3942
487 231 605 290 nonio.
620 233 707 287 11111
1038 235 1104 300 225

86 403 196 465 unam,
215 378 414 466 glycyridiae
428 379 541 444 uncias
556 383 633 462 tres,
651 378 746 442 nardi
765 379 872 444 celtici
889 379 1104 466 tantumdem,

86 471 178 534 aloes
207 469 373 553 hepatices
400 467 513 532 uncias
542 468 622 533 duas
651 469 767 533 tundes
799 471 832 532 et
863 489 974 534 cernes
1008 474 1041 534 et
1068 469 1105 536 in

85 556 240 632 sextariis
265 555 505 643 quinquaginta
528 556 711 622 cochlearia
733 578 790 620 sex
812 557 967 623 recondes
992 562 1104 624 etuas

83 669 189 734 pones
213 647 248 711 in
271 648 371 711 fumo
407 646 442 710 in
466 645 578 711 album
602 644 744 711 colorem
767 643 845 710 uina
863 645 955 711 fusca
973 647 1104 730 mutari,
1137 647 1157 712 9

55 737 117 804 ssi
147 757 187 801 ex
213 736 291 800 faba
317 736 496 799 lomentum
525 734 649 799 factum
682 735 759 800 uino
793 735 865 819 quis
899 736 1019 800 adiciat
1051 737 1104 802 uel

86 847 229 890 ouorum
252 824 353 888 trium
375 824 511 909 lagenae
534 823 686 888 infundat
709 824 855 888 alborem
879 823 998 909 diuque
1020 847 1106 891 com·

85 917 235 979 moueat:
264 913 412 997 sequenti
436 912 487 977 die
511 911 684 978 candidum
712 913 856 996 reperiri.
898 913 985 998 quod
1014 915 1042 979 si
1066 937 1106 980 ex

84 1003 159 1068 afra
178 1001 250 1087 pisa
268 1003 451 1066 lomentum
471 1000 639 1085 adiciatur,
658 1001 769 1066 eadem
790 1001 840 1066 die
859 1024 956 1086 posse
975 1003 1105 1070 mutari.

84 1091 213 1157 uitibus
238 1112 366 1176 quoque
389 1090 474 1156 hanc
498 1111 568 1155 esse
591 1094 752 1174 naturam,
774 1094 812 1155 ut
836 1091 910 1154 alba
930 1092 982 1156 uel
1000 1093 1105 1179 nigra,
1117 1092 1159 1157 10

40 1209 68 1249 rc
84 1182 116 1246 si
139 1179 332 1266 redigantur
354 1179 390 1243 in
411 1179 552 1244 cinerem
570 1179 712 1263 uinoque
732 1179 923 1263 adiciantur,
946 1181 975 1245 ei
994 1203 1106 1246 unam-

84 1291 253 1355 quamque
266 1269 408 1333 formam
426 1269 477 1333 sui
491 1268 609 1332 coloris
624 1268 754 1352 possint
771 1267 934 1353 inponere,
953 1273 992 1334 ut
1006 1293 1045 1334 ex
1058 1271 1105 1334 ni·

84 1381 150 1444 gra
164 1358 302 1442 fuscum,
322 1357 493 1422 candidum
507 1379 585 1421 uero
600 1357 754 1421 reddatur
769 1379 809 1421 ex
823 1358 907 1440 alba,
926 1380 964 1422 ea
978 1359 1105 1425 ratione

83 1447 224 1532 scilicet,
245 1451 281 1512 ut
300 1445 452 1512 conbusti
471 1446 628 1511 sarmenti
647 1444 763 1512 cineris
783 1445 884 1510 modii
902 1448 999 1512 unius
1019 1470 1106 1514 men·

83 1559 168 1602 sura
190 1537 344 1600 mittatur
367 1536 402 1600 in
425 1535 527 1620 dolio,
553 1535 639 1619 quod
656 1535 798 1623 ¹habebit
821 1530 962 1602 amforas'
987 1538 1106 1623 decem,

38 1656 66 1697 15
83 1631 123 1691 et
141 1625 252 1691 triduo
273 1625 320 1690 sic
338 1624 490 1690 relietum
508 1629 586 1708 post
605 1624 772 1708 operiatur
786 1647 823 1690 ac
837 1625 974 1690 lutetur:
994 1627 1105 1692 album

82 1715 157 1802 uel,
181 1715 209 1779 si
232 1714 280 1778 ita
304 1713 409 1778 uisum
433 1712 546 1798 fuerit,
575 1712 707 1798 nigrum
729 1713 865 1797 reperiri
889 1715 1106 1801 quadraginta

82 1805 204 1870 diebus
225 1802 356 1871 exactis.
393 1801 508 1867 uinum
527 1823 656 1886 quoque
675 1803 830 1875 adserunt
850 1825 889 1867 ex
908 1803 1001 1868 molli
1019 1803 1105 1869 forte
1118 1804 1157 1868 11

83 1895 137 1958 sic
160 1893 245 1957 fieri:
269 1891 427 1976 althaeae,
450 1891 513 1957 boc
533 1895 583 1955 est
601 1891 705 1970 ibisci,
729 1890 809 1956 folia
827 1892 881 1956 uel
900 1892 1024 1958 radices
1049 1898 1107 1958 aut

83 1984 159 2048 eius
185 1982 311 2046 caulem
334 1984 483 2045 tenerum
507 1981 676 2045 decoctum
699 1981 789 2045 mitti
813 1984 869 2045 aut
888 2001 1029 2065 gypsum
1049 1987 1107 2046 aut

35 2103 67 2142 sc
84 2071 205 2138 ciceris
229 2071 355 2136 cotulas
380 2071 459 2134 duas
484 2073 541 2134 aut
560 2067 704 2153 cupressi
722 2068 842 2152 pilulas
866 2073 932 2133 tres
952 2074 1010 2135 aut
1028 2071 1107 2135 buxi

81 2161 185 2245 folia,
219 2162 378 2244 quantum
405 2181 521 2223 manus
550 2157 685 2242 ceperit,
718 2161 775 2222 aut
808 2157 874 2241 apii
906 2180 1016 2223 semen
1050 2161 1107 2222 aut
1138 2205 1140 2209 -

82 2251 232 2316 cinerem
261 2252 514 2332 sarmentorum,
547 2248 599 2312 eui
632 2246 683 2311 uis
710 2247 860 2310 flammae
889 2269 1006 2330 eorpus
1034 2247 1107 2312 reli-

164 2393 178 2441 1
203 2385 379 2456 glycyridiae
403 2387 436 2454 P,
460 2385 628 2456 glyciridiae
650 2386 770 2452 LVTe‘,
794 2383 970 2456 glyouridiae
992 2385 1029 2455 G,
1054 2385 1109 2456 gli-

84 2458 210 2516 oiridiae
229 2458 262 2526 S,
287 2457 428 2528 gliciridie
447 2458 488 2526 E,
512 2455 652 2525 liquiricio
671 2458 707 2523 F,
737 2455 888 2526 glyoirizae
907 2475 937 2525 a,
966 2455 1108 2527 glycyrhi-

83 2547 141 2586 zac
151 2547 206 2600 eps
219 2528 223 2602 Ι
234 2529 316 2583 untia
325 2531 360 2598 L,
376 2546 425 2583 om.
432 2547 455 2598 p
468 2531 477 2599 ΙΙ
492 2535 507 2581 2
523 2527 644 2598 epatites
655 2529 738 2597 Pet,
753 2527 858 2597 epatioi
868 2547 894 2596 a,
910 2528 1052 2598 epaticum
1061 2530 1093 2585 E

82 2600 237 2672 hepatices
253 2600 350 2655 uncias
365 2600 435 2653 duas
451 2617 500 2654 om.
512 2618 534 2669 p
551 2600 554 2671 Ι
570 2599 674 2652 tuudas
693 2600 724 2668 V,
739 2597 833 2653 tendis
844 2617 874 2668 p,
893 2599 990 2653 tundis
1005 2603 1086 2656 ceteri

84 2677 118 2728 et
139 2688 237 2727 cernes
256 2689 306 2726 om.
323 2690 358 2741 p,
378 2674 406 2726 et
425 2671 515 2725 cernis
534 2672 596 2725 hab.
616 2671 696 2726 ceteri
718 2673 727 2740 ΙΙ
751 2676 766 2724 3
786 2670 889 2725 coclias
909 2672 943 2740 P,
963 2671 1054 2727 coelia
1072 2673 1108 2742 L,

85 2742 232 2800 coclearia
250 2744 307 2799 VG
332 2746 336 2814 Ι
360 2742 490 2797 recondis
509 2741 558 2809 1⁷²,
577 2742 698 2796 reconde
716 2743 797 2796 cutm
819 2744 828 2812 Ι
854 2749 872 2795 4
890 2741 972 2812 ponis
991 2759 1082 2797 omnes
1102 2743 1106 2814 Ι

85 2815 215 2872 colorem
234 2832 317 2883 caup
334 2816 337 2886 Ι
354 2813 452 2867 uinum
466 2832 488 2883 p
505 2815 508 2882 Ι
524 2830 621 2867 musea
635 2814 665 2866 E
680 2816 683 2883 Ι
699 2811 804 2866 mutari
824 2816 953 2867 asserunt
971 2815 1014 2882 ia,
1034 2829 1109 2866 asse-

82 2889 157 2942 runt
175 2888 240 2948 incl.
260 2903 314 2956 ops
341 2887 350 2955 ΙΙ
377 2891 393 2938 ὅ
420 2884 444 2939 si
467 2884 530 2954 quis
554 2901 670 2939 ouorum
688 2883 775 2938 trium
794 2885 957 2954 albuginem
975 2883 1109 2937 infundat

85 2959 198 3028 diuque
214 2959 257 3083 el
273 2956 441 3110 apppegl
455 2955 669 3098 tgtltttl
684 2955 1108 3096 ¹ttt¹utltlttssltt

258 3074 264 3098 ¹
430 3071 437 3096 l
668 3072 674 3096 1

82 3031 349 3170 lssppperepperm
363 3098 492 3167 sequenti
502 3098 548 3152 die
563 3099 723 3155 candidum.
744 3097 824 3162 Quod
836 3097 882 3177 (ΞΙ
898 3094 974 3164 quod
989 3095 1109 3150 si-—mu-

82 3172 148 3228 tari
166 3189 217 3226 orn.
229 3189 252 3240 p
266 3175 274 3242 ΙΙ
289 3177 304 3226 8
325 3170 404 3225 afara
419 3171 449 3223 E
460 3172 470 3241 Ι
485 3176 518 3224 10
537 3169 717 3240 imponantur
731 3186 785 3238 pro
803 3167 962 3222 adimantur
973 3185 994 3238 p
1000 3167 1015 3292 Ι
1031 3186 1110 3224 umo-

82 3259 204 3314 qnoque
224 3244 259 3311 L,
278 3241 345 3296 uino
364 3258 475 3311 quoque
494 3242 525 3294 E
536 3244 546 3311 Ι
561 3247 592 3295 11
612 3240 722 3312 possint
740 3255 789 3295 om.
805 3255 895 3293 omnes
912 3239 915 3310 Ι
932 3241 999 3292 ut-
1012 3257 1110 3294 usuum

82 3333 182 3384 onnp
204 3317 213 3385 Ι
243 3319 277 3367 14
296 3312 403 3368 dolium
423 3314 472 3368 Ga
488 3315 492 3382 Ι
509 3311 600 3366 decim
619 3314 647 3366 P
666 3315 675 3383 Ι
700 3317 733 3365 16
752 3327 786 3364 ex
800 3326 854 3378 pro
874 3312 903 3364 et
921 3309 977 3364 SE
1000 3313 1004 3382 Ι
1028 3311 1109 3365 relic-

79 3393 139 3444 eur
156 3387 186 3440 P
209 3387 213 3458 Ι
240 3384 381 3456 operietur
403 3385 415 3438 i
444 3386 448 3455 Ι
478 3387 607 3438 acutetur
629 3385 665 3452 V,
690 3385 740 3436 aut
764 3382 901 3435 luteture'
923 3383 932 3451 Ι
957 3388 989 3436 16
1012 3398 1110 3451 reppe-

79 3457 141 3515 riri
160 3459 188 3512 V
207 3461 216 3529 Ι
241 3463 274 3510 18
294 3455 407 3510 altheae
426 3473 516 3510 omines
541 3457 545 3528 Ι
570 3455 653 3509 iuisci
674 3455 699 3508 G
721 3457 730 3524 Ι
759 3459 791 3506 19
816 3451 971 3507 eius—aut
989 3467 1038 3507 om.
1054 3453 1085 3506 Ε
1102 3452 1108 3534 Ι

79 3528 207 3604 gipsum
225 3528 279 3583 PS
299 3530 308 3598 ΙΙ
332 3534 365 3581 20
383 3527 496 3598 pipulas
515 3528 546 3582 E
567 3530 576 3597 ΙΙ
599 3533 631 3582 21
651 3525 743 3579 maius
763 3526 790 3579 L
812 3525 822 3594 ΙΙ
846 3530 879 3578 22
899 3523 977 3579 cuius
992 3540 1046 3592 pro
1064 3540 1111 3577 cur

79 3601 137 3657 uis
156 3601 206 3670 ΕΙ
222 3599 345 3653 flaminis
367 3599 401 3669 G,
419 3599 533 3652 flamma
551 3600 581 3652 E

146 3702 291 3761 Prunanvs
305 3701 340 3741 ed.
356 3699 487 3740 Schmitt.
917 3689 949 3738 15
