2524 3946
435 191 724 278 nomomri-rc
1046 225 1089 290 85

74 390 155 451 mas,
179 366 293 432 deinde
313 369 422 453 plures
440 368 616 434 habebunt
654 370 710 434 sed
728 369 825 436 huius
844 369 974 456 generis
992 370 1090 436 uinea

73 457 222 523 strictius
247 460 297 521 est
319 458 472 542 putanda.

275 687 335 753 Du
360 686 601 754 NOVELLAE
625 686 888 755 PVTATIONE.

142 812 318 879 Nouellam
345 813 449 877 uitem
471 811 654 878 Columella
681 813 760 878 dicit
785 836 805 877 a
827 812 934 897 primo
958 835 1043 879 anno
1080 812 1144 880 XV

49 903 114 969 sad
144 924 244 966 unam
271 902 443 966 materiam
471 923 542 966 esse
569 901 775 966 formandam
802 924 861 967 nec
883 901 1088 968 recidendam

71 995 191 1076 totam,
214 991 299 1055 sicut
321 989 439 1055 Italiae
462 990 662 1056 consuetudo
685 994 746 1076 est,
769 1012 854 1055 anno
874 991 1014 1057 secundo
1033 1013 1089 1056 ex-

70 1082 179 1166 pleto,
207 1079 284 1164 quia
310 1080 364 1144 uel
392 1081 556 1144 intereant
582 1079 668 1143 uites
696 1079 731 1143 in
758 1084 867 1144 totum
891 1080 1012 1145 recisae
1035 1080 1088 1145 uel

70 1170 246 1234 infecunda
270 1174 436 1233 sarmenta
457 1169 652 1252 producant,
681 1189 763 1251 quae
787 1173 956 1253 amputato
981 1170 1088 1254 capite

70 1259 168 1323 uelut
190 1255 393 1341 pampinaria
415 1258 453 1322 de
473 1258 554 1322 duro
574 1261 737 1342 coguntur
755 1259 856 1322 exire:
879 1280 979 1342 quare
997 1259 1090 1323 iuxta
1112 1258 1133 1322 2

37 1349 182 1432 reipsam
211 1346 460 1412 commissuram
485 1345 606 1410 ueteris
630 1346 788 1410 sarmenti
810 1369 909 1411 unam
932 1347 985 1412 uel
1009 1348 1089 1412 duas

73 1457 224 1522 gemmas
244 1433 481 1518 relinquendas,
505 1434 592 1519 quod
610 1438 660 1498 cst
679 1435 797 1499 merito
816 1435 849 1500 in
869 1436 1006 1501 uitioula
1024 1436 1090 1501 for-

73 1527 160 1590 tiore
185 1524 394 1608 seruandum,
418 1527 451 1587 et
475 1545 552 1588 sane
576 1523 799 1607 excipiendam
824 1525 957 1590 calamis
981 1525 1091 1590 nouel-

71 1614 143 1678 lam
166 1613 218 1677 uel
243 1613 370 1698 exiguis
392 1613 487 1697 palis,
510 1616 548 1676 ut
571 1612 670 1676 tertio
693 1635 777 1678 anno
796 1613 999 1679 robustiores
1017 1635 1089 1698 pos-

73 1704 118 1768 sit
140 1703 295 1786 accipere.
326 1723 404 1765 nam
424 1701 595 1785 quadrima
613 1701 751 1785 nouella,
770 1701 827 1767 ubi
846 1703 968 1768 lactum
984 1703 1090 1767 solum
1113 1701 1134 1768 3

37 1818 59 1858 11
73 1796 136 1873 111,
155 1796 224 1855 1111
243 1790 397 1855 materias
417 1790 535 1854 merito
554 1789 680 1855 nutrire
701 1795 844 1876 cogetur.
882 1791 996 1856 statim
1014 1796 1091 1876 post

72 1880 282 1965 putationem
310 1883 476 1944 sarmenta
499 1879 607 1942 decisa
629 1880 734 1943 uineis
759 1883 792 1944 et
814 1880 888 1944 rubi
912 1884 946 1945 et
968 1881 1091 1965 inpedi-

75 1973 226 2035 mentum
249 1967 386 2032 fossoris
411 1988 506 2032 omne
531 1967 678 2033 tollatur.

373 2197 432 2262 DE
456 2196 797 2263 PROPAGINIBVS.

138 2323 213 2390 Hoc
237 2325 337 2389 etiam
360 2345 470 2389 mense
488 2325 717 2410 propagandae
737 2330 813 2389 sunt
832 2326 927 2390 uites.
963 2325 1019 2390 sed
1063 2323 1144 2390 XVI

37 2439 61 2478 1ο
73 2418 168 2478 uetus
195 2417 228 2478 et
251 2435 346 2478 exesa
369 2413 480 2497 uinea,
509 2415 600 2478 ouius
626 2414 817 2478 duramenta
842 2415 939 2500 longe
962 2435 1090 2499 proces-

73 2507 196 2586 serunt,
219 2507 258 2566 ut
282 2499 462 2566 Columella
485 2502 574 2586 dicit,
598 2503 719 2588 mergis
738 2503 854 2568 melius
874 2502 1090 2588 reparabitur,

74 2592 233 2674 quamsi
265 2589 445 2655 infossione
477 2592 580 2656 totius
613 2592 758 2675 corporis
793 2593 965 2656 obruatur:
1002 2594 1089 2677 quod

74 2679 229 2765 agricolis
249 2684 375 2746 certum
394 2683 445 2743 est
463 2679 643 2764 displicere.
675 2701 823 2766 mergum
840 2680 987 2762 dicimus,
1012 2703 1090 2765 quo

74 2770 160 2834 tiens
183 2769 275 2833 uelut
299 2790 393 2834 arcus
417 2790 516 2852 supra
536 2773 661 2854 'terram
684 2769 881 2853 relinquitur
904 2771 970 2834 alia
994 2773 1087 2854 parte

37 2882 60 2922 11
73 2858 152 2921 uitis
175 2857 308 2923 infossa.
346 2879 432 2940 nam,
455 2862 492 2921 ut
515 2855 563 2921 ait
582 2855 772 2940 Columella,
796 2881 870 2923 cum
893 2863 982 2924 totae
1002 2862 1083 2922 stra·
1106 2858 1128 2923 2

148 3019 163 3066 2
183 3012 297 3067 strictus
318 3014 344 3068 G
360 3016 364 3083 Ι
381 3014 526 3083 eputanda
544 3015 572 3067 P
589 3016 599 3084 ΙΙ
621 3020 637 3067 3
656 3014 705 3067 DE
724 3013 896 3069 NOUELLA
913 3014 1090 3069 PVTANDA

76 3084 150 3152 GE,
173 3084 221 3138 DE
240 3083 362 3138 Nouello
384 3085 513 3154 putanda
530 3086 554 3153 1,
577 3084 619 3138 De
642 3086 771 3140 nouellae
790 3085 858 3140 uitis
876 3084 1025 3154 putatione
1043 3104 1062 3141 o
1079 3087 1089 3158 Η

76 3161 90 3208 7
110 3156 186 3222 quod
204 3157 235 3210 E
247 3159 287 3226 118
305 3155 463 3225 perducant
483 3156 561 3226 (1119
579 3156 656 3209 iusta
674 3159 705 3210 E
716 3160 726 3228 ΙΙ
741 3163 772 3210 11
793 3155 911 3210 dicimus
930 3156 1089 3226 relinquen-

75 3225 128 3279 das
152 3228 192 3296 Ε,
221 3243 366 3281 censemus
393 3227 442 3282 rel.
467 3246 497 3296 a,
526 3227 704 3300 [censemus]
732 3229 780 3282 rel.
810 3245 875 3298 cys,
903 3227 1089 3297 relinquenda

75 3298 144 3350 sunt
157 3315 178 3366 p
190 3300 199 3368 l
214 3305 246 3352 12
267 3297 369 3352 calami
384 3299 412 3351 P
423 3301 432 3368 11
447 3304 480 3351 14
498 3298 640 3352 nouellam
661 3299 688 3354 G
701 3300 710 3369 ΙΙ
725 3304 757 3352 15
776 3298 908 3352 materies
927 3301 954 3353 V
967 3302 971 3372 Ι
987 3299 1087 3353 merito

74 3385 127 3423 ons.
144 3369 172 3422 Ε
186 3369 190 3440 Ι
206 3385 317 3424 seruare
332 3386 385 3438 pro
403 3369 511 3422 nutrire
526 3372 618 3440 111116
640 3368 670 3423 in
688 3372 863 3440 sarmentap
879 3373 882 3443 l
900 3387 917 3424 1
934 3370 1025 3424 uineis
1043 3371 1087 3436 aa,

76 3439 582 3512 ametcpslimpedimentaplllt
603 3439 1088 3511 011111111111111911111111111ΕΗ

75 3515 111 3563 20
130 3509 211 3581 longe
229 3513 325 3567 ο111.Ε
346 3514 355 3582 ΙΙ
379 3517 413 3564 23
433 3510 552 3581 displice
573 3511 595 3581 Q
617 3516 626 3582 lt
648 3517 681 3565 at
700 3513 762 3565 tota
780 3514 824 3565 est
841 3516 921 3567 ratae
940 3513 1006 3579 PV,
1024 3512 1087 3564 tota

75 3585 121 3636 est
139 3584 211 3636 recte
229 3584 267 3653 L,
287 3585 347 3638 tote
366 3581 490 3637 extincte
509 3583 544 3651 F,
563 3585 626 3636 tota
644 3586 688 3635 est
706 3583 845 3637 craterate
860 3602 883 3653 p
