2556 3942
461 196 578 252 Adule.
593 198 606 252 I
621 203 727 252 20-24
1059 200 1103 264 25

85 344 247 428 suppetit,
277 344 399 428 tegulis
427 343 495 426 uel,
523 344 552 408 si
575 343 705 409 facilius
729 347 762 407 et
785 344 853 408 sine
878 344 1013 429 inpensa
1035 346 1103 429 pla-

85 433 205 514 cuerit,
230 437 385 518 tegentur
409 431 568 498 caricibus
592 438 650 498 aut
673 432 826 518 genestis.

446 663 506 727 DE
531 661 742 730 AVIARIIS.

152 787 248 854 Circa
280 788 422 872 parietes
456 789 555 852 cortis
590 791 752 853 extremos
788 787 912 853 auiaria
946 788 991 852 fa·
1040 787 1158 855 XXIII

54 878 201 948 scienda
225 880 315 962 sunt,
338 876 415 961 quia
437 881 562 942 stercus
587 877 697 941 auium
721 877 861 942 maxime
883 877 1101 942 necessarium

82 973 135 1032 est
153 967 376 1052 agriculturae
396 971 529 1050 excepto
550 988 701 1031 anserum
715 966 899 1049 laetamine,
918 966 1005 1050 quod
1019 968 1100 1032 satis

81 1056 239 1122 omnibus
253 1053 422 1119 inimicum
437 1058 495 1119 est.
519 1055 576 1119 sed
590 1055 782 1121 habitacula
797 1058 977 1120 ceterarum
992 1056 1102 1121 auium

80 1145 228 1210 maxime
251 1143 541 1229 necessariastunt.

403 1373 462 1438 DII
488 1372 786 1439 COLVMBARIO.

34 1534 61 1572 10
152 1497 398 1564 Columbarium
424 1521 503 1564 uero
528 1504 640 1583 potest
663 1498 807 1584 accipere
831 1501 982 1566 sublimis
1022 1500 1156 1567 XXIIII

78 1611 151 1654 una
175 1588 334 1653 turricula
357 1587 392 1652 in
413 1589 579 1672 praetorio
604 1589 786 1654 constituta
807 1590 964 1676 Iengatia
989 1613 1026 1656 ac
1050 1592 1101 1656 de·

78 1677 207 1744 albatIs
226 1676 416 1761 parietibus,
438 1677 472 1743 in
492 1677 611 1760 quibus
631 1700 650 1742 a
670 1681 824 1762 quattuor
845 1679 995 1764 partibus
1015 1680 1100 1744 fene-

78 1767 210 1850 stellae,
234 1766 319 1831 sicut
343 1788 414 1830 mos
439 1770 498 1849 est,
522 1766 733 1857 breuissimae
756 1767 848 1852 fiant,
870 1773 908 1832 ut
932 1769 1100 1833 columbas

77 1857 173 1922 solas
202 1855 241 1920 ad
269 1855 443 1920 introitum
472 1855 659 1940 cultumque
684 1856 887 1939 permIttant.
928 1855 997 1921 nidi
1020 1858 1101 1943 figu-

33 1979 60 2019 15
77 1949 198 2010 rentur
225 1943 372 2008 interius.
414 1967 434 2010 a
462 1943 611 2008 mustelis
639 1947 730 2008 tutae
757 1945 855 2029 fiunt,
885 1945 913 2010 si
936 1946 1021 2011 inter
1045 1949 1147 2012 aas?

76 2039 181 2100 uetus
205 2037 336 2117 spartea
359 2032 551 2118 proiciatur,
580 2055 644 2116 qua
667 2033 821 2098 animalia
844 2035 1039 2118 calciantur,
1062 2039 1100 2098 ut

76 2145 157 2192 eam
181 2127 308 2186 secreto
331 2143 398 2186 non
420 2121 608 2186 uidentibus
631 2120 705 2186 aliis
729 2145 813 2186 unus
833 2123 997 2189 adtulerit.
1033 2146 1101 2188 non

77 2215 226 2298 percunt
248 2215 282 2275 et
304 2232 409 2294 neque
432 2211 542 2275 locum
566 2210 727 2295 deserunt,
751 2210 859 2296 siper
884 2233 996 2275 omnes
1015 2211 1100 2276 fene-

76 2306 171 2367 stras
196 2299 320 2383 aliquid
344 2300 382 2362 de
407 2298 605 2384 strangulati
627 2299 769 2364 hominis
793 2301 864 2364 loro
888 2304 945 2365 aut
969 2301 1100 2368 uinculo

33 2424 61 2462 20
77 2393 141 2456 aut
160 2387 238 2453 fune
258 2387 446 2473 suspendas.
483 2388 749 2473 inducuntalias,
773 2388 801 2452 si
821 2390 949 2473 cymino
968 2413 1101 2474 pascan-

76 2486 139 2544 tur
164 2477 299 2542 adsidue
322 2477 375 2541 uel
398 2475 482 2541 hirci
507 2477 632 2541 alarum
656 2477 795 2541 balsami
819 2476 945 2562 liquore
964 2484 1100 2564 tangan-

155 2641 171 2688 2
191 2633 310 2705 genistis
328 2633 501 2704 VGFacps
521 2637 530 2704 11
554 2639 569 2687 6
589 2634 616 2686 L
634 2651 720 2702 supra
738 2633 891 2688 laetamine
910 2637 989 2690 habet
1007 2635 1037 2689 id
1056 2639 1101 2690 est

75 2709 147 2762 fim0
162 2709 201 2776 117
221 2705 327 2759 imcum
343 2705 366 2774 Q
380 2706 419 2775 118
439 2721 493 2788 quo
512 2705 625 2786 facilius
642 2703 734 2758 hieme
750 2705 871 2786 calarem
883 2706 990 2786 capiat,
1008 2707 1099 2777 frigus

75 2775 837 2928 IlllllluffitllltlllllSlasstmatllalltllll
856 2777 1098 2903 ttttutlttt

75 2925 136 2976 iae
157 2923 168 2990 11
192 2926 225 2973 10
244 2918 443 2972 Columbarum
464 2918 497 2988 G,
521 2917 731 2973 columbanum
755 2918 914 2988 acc1piatp
936 2922 945 2989 11
970 2925 1002 2972 12
1021 2920 1098 2973 fene-

76 2991 199 3048 strellae
216 2991 294 3044 LEi
310 2992 313 3059 1
329 2990 360 3042 iu
379 2989 481 3058 quibus
502 3007 519 3043 a
537 2993 672 3059 quattuor
689 2989 818 3059 partibus
837 3007 886 3045 om.
907 2992 937 3044 E
949 2993 958 3059 11
973 2995 1006 3043 13
1026 2990 1099 3045 sicut

74 3081 143 3119 mos
163 3064 219 3131 est,
238 3061 404 3116 fenestellae
423 3062 517 3132 iacps
533 3063 537 3131 1
553 3062 624 3115 fiant
641 3059 826 3114 breuissimae
847 3063 878 3130 T,
897 3062 966 3115 fient
983 3063 1076 3134 lccpa
1092 3064 1096 3136 1

74 3132 327 3204 rut-permittant
345 3149 395 3187 om.
411 3132 510 3202 1171115
529 3133 600 3186 fiant
614 3132 649 3201 F,
669 3132 738 3186 fient
755 3133 849 3203 caepe
863 3134 871 3202 11
887 3137 919 3185 16
937 3131 1031 3187 frutex
1044 3135 1099 3188 vir-

73 3223 167 3278 gosus
188 3204 248 3258 sine
266 3203 342 3258 foliis
358 3221 439 3273 asper
452 3203 497 3257 vel
511 3210 575 3258 cate
588 3207 670 3258 uetus
685 3204 794 3258 addunt
808 3221 855 3272 as,
871 3221 932 3257 carm
945 3206 1025 3261 cacis
1039 3223 1075 3276 cp
1091 3205 1095 3278 1

72 3277 150 3347 quia
172 3276 231 3346 ΘΓ
253 3277 257 3345 1
283 3275 445 3329 calceantur
461 3293 497 3346 ps
519 3278 528 3345 11
552 3281 585 3328 17
605 3274 679 3328 aliae
698 3291 754 3328 non
772 3276 891 3344 pereunt
910 3276 941 3344 V,
961 3293 1017 3331 non
1035 3293 1098 3346 per-

73 3347 343 3416 eunt-suspendas
363 3363 412 3401 om.
425 3363 454 3415 p,
469 3348 533 3401 lael.
548 3364 584 3428 cp
598 3348 607 3416 11
622 3352 655 3399 18
675 3349 703 3400 et
718 3363 767 3400 cm.
778 3345 801 3399 S
807 3346 947 3401 TFGEs
960 3349 970 3417 11
985 3353 1018 3400 19
1037 3347 1097 3401 loro

72 3440 131 3478 om.
147 3421 180 3474 E
192 3421 201 3488 11
215 3424 249 3472 20
268 3417 371 3474 cimino
390 3417 502 3487 Usu,
525 3416 613 3471 immo
633 3418 668 3486 F,
688 3416 799 3470 cumino
819 3417 957 3488 auceps
971 3420 980 3488 11
994 3424 1027 3471 21
1048 3418 1097 3471 ad-

72 3492 164 3548 siduo
188 3490 256 3559 LG,
286 3488 398 3542 assiduo
422 3489 481 3543 VE
509 3491 513 3560 1
542 3489 589 3542 uel
615 3488 639 3542 si
664 3487 725 3558 SE,
754 3487 798 3540 vel
827 3488 911 3542 setosi
935 3506 983 3558 as,
1012 3487 1099 3542 setosi

70 3566 145 3620 incl.
167 3580 203 3633 cp
