2556 3942
448 216 566 272 AGRIO.
581 219 594 271 1
609 224 714 273 16-18
1045 220 1086 282 21

90 363 198 428 calcem
217 363 371 428 minutim
391 364 608 449 superadicies
628 368 661 428 et
679 365 719 428 ad
733 386 834 428 unum
849 386 966 449 corpus
982 364 1091 429 omnia

88 453 181 517 mixta
206 453 384 517 reuocabis.
427 475 564 536 cumque
592 453 684 517 uelut
710 452 942 537 strigmentum
965 453 1090 534 feceris,
1113 453 1135 516 4

88 541 199 606 inseres
236 539 318 607 locis
355 542 518 626 corruptis
556 563 592 606 ac
629 542 839 607 manantibus
877 547 911 606 et
941 565 1090 627 pressum

88 651 204 695 summa
232 630 392 695 densitate
421 629 572 697 calcabis.
618 632 761 696 salutare
790 630 855 694 crit
883 653 983 716 aquas
1011 632 1090 696 illuc

66 741 138 801 sper
167 719 265 784 tubos
297 719 416 784 fictiles
445 719 519 784 duci
547 723 581 784 et
608 718 731 803 opertis
759 719 902 784 inmeare
931 720 1090 785 eisternis.

87 830 154 872 nam
180 806 330 873 caelestis
354 831 439 892 aqua
463 809 503 872 ad
526 809 702 872 bibendum
727 809 878 873 omnibus
903 809 1090 892 antefertur,

86 902 127 978 ut,
149 898 212 961 etsi
234 898 337 962 fluens
362 897 510 962 adhiberi
532 896 647 981 possit,
671 919 753 981 quae
778 897 918 962 salubris
942 902 1092 978 nonest,

85 984 218 1052 lauacris
242 986 358 1050 debeat
382 990 415 1050 et
438 985 611 1050 hortorum
635 1007 751 1050 uacare
775 987 929 1050 culturae.

357 1216 417 1281 DE
443 1213 588 1281 unLLA
611 1214 811 1281 VINARIA.

52 1365 72 1402 10
147 1339 272 1406 Gallam
291 1341 452 1405 uinariam
471 1341 698 1425 septemtrioni
717 1341 836 1406 habere
853 1341 1006 1405 debemus
1029 1338 1145 1405 XVIH

87 1431 268 1514 obpositam
296 1428 451 1515 frigidam
474 1430 527 1493 uel
553 1429 708 1494 obscurae
731 1430 926 1514 proximam,
953 1431 1051 1516 longe
1074 1453 1092 1494 a

86 1519 215 1599 balneis,
240 1518 387 1602 stabulis,
411 1517 515 1602 furno,
540 1519 734 1602 sterculinis,
758 1520 917 1603 cisternis,
943 1521 1035 1603 aquis
1059 1524 1092 1584 et

86 1609 197 1673 ceteris
223 1607 331 1672 odoris
354 1607 522 1672 horrendi:
545 1606 593 1670 ita
616 1608 811 1672 instructam
829 1609 1031 1691 necessariis,
1054 1611 1092 1672 ut

85 1719 145 1761 non
166 1697 318 1762 vincatur
342 1719 361 1760 a
383 1696 502 1778 fructu,
526 1695 573 1760 sic
595 1699 705 1761 autem
724 1696 928 1783 dispositam,
950 1702 988 1761 ut
1007 1698 1092 1762 basi-

53 1809 74 1847 15
86 1785 159 1851 licae
178 1785 284 1870 ipsius
303 1785 409 1850 forma
429 1784 639 1849 calcatorium
657 1785 730 1850 loco
749 1786 870 1851 habeat
889 1787 1004 1851 altiore
1020 1807 1093 1850 eon·

86 1878 253 1957 structum,
276 1875 317 1938 ad
341 1873 427 1958 quod
445 1872 530 1938 inter
549 1874 629 1938 duos
648 1875 748 1959 lacus,
772 1874 827 1959 qui
846 1875 886 1939 ad
905 1874 1093 1958 excipienda

84 1963 154 2028 uina
171 1962 325 2028 hincinde
346 1963 491 2047 depressi
511 1962 587 2044 sint,
606 1962 762 2047 gradibus
782 1963 887 2028 tribus
902 1963 969 2028 fere
984 1986 1092 2028 aseen-

84 2051 172 2117 datur
192 2056 252 2116 aut
272 2056 436 2135 quattuor.
471 2073 511 2115 ex
528 2051 580 2115 his
599 2052 734 2116 lacubus
755 2053 882 2116 canales
901 2052 1020 2117 structi
1038 2052 1092 2116 uel

84 2142 149 2206 tubi
176 2139 298 2206 fictiles
326 2141 412 2205 circa
440 2143 602 2205 extremos
631 2140 772 2224 parietes
802 2144 933 2205 currant
963 2144 996 2204 et
1019 2141 1092 2204 sub-

52 2252 73 2289 co
84 2229 170 2296 iestis
199 2229 299 2294 lateri
328 2251 386 2294 suo
415 2228 511 2294 doliis
539 2252 598 2313 per
625 2230 751 2294 uicinos
777 2233 903 2294 meatus
927 2229 1093 2293 manantia

84 2319 154 2384 uina
177 2318 365 2384 defundant.
402 2318 431 2382 si
454 2317 548 2401 copia
571 2319 675 2383 maior
699 2323 758 2402 est,
780 2319 923 2382 medium
945 2317 1089 2402 spatium
1112 2317 1133 2380 2

84 2408 169 2492 cupis
203 2408 429 2492 deputabitur,
465 2428 561 2490 quas,
592 2429 633 2472 ne
667 2407 854 2472 ambulacra
886 2407 1091 2490 prohibeant,

85 2498 187 2562 asellis
217 2496 391 2560 altioribus
419 2496 579 2580 inpositas
606 2497 660 2560 uel
687 2518 785 2581 supra
808 2495 895 2560 dolia
918 2517 1091 2580 possumus

84 2586 250 2651 conlocare
274 2585 380 2669 spdtio
404 2584 491 2649 inter
510 2606 543 2649 se
563 2585 712 2670 longiore
732 2584 900 2668 distantes,
923 2589 970 2671 ut,
993 2585 1092 2649 sires

150 2730 163 2778 1
184 2723 349 2778 minutatim
368 2723 399 2792 V,
417 2722 558 2777 minutum
576 2724 607 2777 E
628 2726 637 2794 11
661 2730 676 2776 2
696 2720 873 2777 strimentum
893 2725 933 2793 L,
954 2725 1091 2776 strumen·

82 2796 138 2848 tum
159 2797 190 2865 T,
216 2795 409 2849 stricmentum
432 2795 525 2849 VGE
545 2797 555 2865 11
582 2801 598 2847 3
622 2795 722 2848 inseris
746 2795 834 2850 LSF
856 2796 860 2866 1
884 2811 1016 2865 praesum
1038 2794 1065 2847 L
1083 2794 1092 2865 11

83 2869 197 2921 511101
217 2867 266 2935 V¹,
286 2883 335 2920 seu
354 2866 467 2919 canales
486 2865 644 2935 11111111,
668 2866 766 2920 turbas
788 2867 814 2920 G
840 2870 849 2937 11
879 2872 893 2920 1
917 2870 978 2920 tum
996 2869 1093 2934 (supra

83 2937 222 3008 (111111Π
250 2940 259 3008 11
286 2937 463 2991 Slauaohris
482 2937 509 2990 L
534 2938 537 3009 1
564 2937 667 2991 debeat
689 2954 791 2992 uacare
815 2940 844 2991 et
866 2938 1010 2991 hortorum
1034 2935 1092 2988 cul-

84 3009 251 3078 1111111110
271 3007 405 3062 debemus
422 3008 527 3062 habere
545 3009 706 3079 QSTacqs
719 3011 728 3078 11
744 3015 775 3061 11
796 3008 842 3061 uel
856 3009 973 3062 obseura
983 3007 1021 3075 E,
1041 3007 1090 3060 ob-

84 3094 190 3133 scuram
208 3080 252 3133 vel
265 3097 278 3134 s
294 3083 299 3150 1
313 3078 436 3149 positam
450 3080 480 3132 E
492 3081 502 3150 11
517 3084 549 3132 12
564 3079 643 3133 forno
659 3081 718 3134 LG
734 3081 738 3152 1
755 3078 924 3133 sterculiniis
939 3079 1001 3148 VT,
1022 3081 1091 3132 ster-

82 3149 194 3216 quilinis
209 3151 250 3220 Sl,
268 3151 315 3204 uel
329 3149 488 3204 sterculinis
503 3150 537 3204 S*
550 3152 582 3204 icc
595 3153 726 3222 marsim,
742 3149 925 3219 sterquiliniis
940 3149 1092 3272 1111119111

83 3226 112 3272 13
129 3221 245 3276 hodoris
266 3223 292 3277 G
318 3225 327 3292 11
357 3227 391 3275 14
409 3221 560 3275 uincantur
578 3222 609 3275 E
635 3224 643 3292 11
673 3228 706 3275 15
726 3221 826 3276 altiore
845 3238 894 3276 om.
916 3222 942 3276 G
964 3223 973 3291 11
1003 3227 1071 3275 161

82 3308 146 3358 quoa
164 3294 188 3364 Q
205 3295 208 3363 1
224 3293 300 3347 lacos
314 3294 340 3346 L
355 3296 363 3363 11
379 3299 411 3347 18
432 3296 482 3347 aut
501 3296 621 3363 quatuor
636 3294 804 3347 ascendatur
818 3310 894 3364 ucps
907 3295 917 3363 11
931 3298 964 3347 19
983 3291 1044 3346 toui
1058 3293 1089 3360 V,

82 3363 163 3418 tubae
180 3365 208 3419 G
221 3366 230 3434 11
244 3370 277 3418 20
296 3364 422 3419 meantia
435 3366 466 3419 E
478 3368 488 3435 11
502 3371 534 3418 21
549 3363 673 3418 medium
688 3363 811 3434 spatium
825 3365 938 3434 0111111
952 3370 986 3416 23
1006 3361 1090 3417 assel-

81 3430 113 3486 lis
138 3436 170 3504 Τ1
195 3436 324 3489 uassellis
347 3436 380 3504 S,
405 3435 474 3489 duas
498 3435 576 3490 sellis
595 3437 636 3504 E,
660 3434 775 3488 uasellis
798 3436 822 3504 i,
846 3434 961 3489 basellis
986 3449 1063 3502 acpe
1084 3433 1087 3504 1

81 3520 160 3575 supra
189 3506 290 3561 obruta
318 3507 395 3561 dolia
422 3507 530 3575 SEas,
559 3507 661 3561 obruta
689 3507 752 3560 incl.
776 3523 812 3576 cp
841 3507 845 3577 1
874 3505 1013 3576 possimus
1036 3503 1063 3555 L
1081 3503 1090 3575 11

81 3580 112 3628 14
128 3577 255 3648 longiore
276 3579 360 3649 Ficp
