2538 3942
164 184 228 250 154
583 153 753 238 amilon

117 332 137 396 2
159 330 318 395 liberetur
332 351 512 414 erumpens.
537 351 610 396 cum
624 330 752 415 pollicis
762 330 922 395 soliditati
933 329 1050 395 similis
1063 329 1174 412 fuerit,

162 418 380 482 transferatur
397 418 433 482 in
450 419 559 482 locum
577 420 780 503 pastinatum
800 419 852 483 uel
871 419 906 483 in
921 419 1078 483 scrobem.
1110 422 1174 483 ter-

160 529 231 570 ram
260 506 369 592 diligit
396 529 462 572 non
489 507 587 572 nimis
615 508 749 590 laetam,
783 508 838 572 sed
869 507 1053 591 proximam
1080 508 1174 571 tenui

161 600 259 680 atque
282 597 416 660 ieiunae.
452 618 511 680 per
531 596 672 662 hiemem
691 596 824 680 prodest
842 594 900 677 illi,
923 600 961 660 ut
979 597 1067 661 circa
1086 597 1174 660 codi-

162 707 231 760 cem
258 685 405 769 lapidum
433 686 581 750 cumulus
610 687 798 772 adgeratur,
831 685 887 769 qui
920 689 1045 750 aestate
1074 685 1174 749 debet
1200 712 1211 752 a

116 775 137 839 3
161 773 290 838 auferri.
332 774 361 838 si
384 774 481 839 arbor
504 774 585 840 haec
608 774 715 839 tristis
739 778 798 859 est,
820 773 925 839 ferrea
949 773 1072 859 strigili
1096 773 1174 838 sub—

160 885 235 927 rasa
266 863 402 927 hilarior
430 863 488 927 fiet
526 864 579 927 uel
611 863 639 928 si
671 864 785 927 fimum
816 863 975 928 bubulum
1008 862 1173 928 radicibus

160 952 285 1016 modice
304 956 337 1015 et
355 951 543 1036 frequenter
561 952 727 1016 adfundas.
763 951 867 1036 aizyfa
886 951 1022 1016 collecta
1042 955 1174 1016 matura

160 1041 194 1104 in
218 1041 316 1125 longo
341 1063 417 1104 uase
441 1040 534 1105 fictili
559 1045 731 1105 seruantur
755 1041 859 1105 oblito
885 1045 918 1106 et
940 1040 1011 1104 loco
1036 1039 1172 1105 sicciore

161 1130 344 1213 conposito:
363 1130 415 1193 uel
435 1150 545 1193 recens
564 1128 650 1195 lecta
668 1151 775 1214 poma,
794 1129 822 1193 si
842 1129 945 1214 guttis
965 1129 1034 1192 uini
1048 1129 1172 1194 ueteris
1187 1157 1211 1195 ιο

160 1218 344 1302 perfundas,
363 1217 511 1303 efficitur,
528 1241 569 1282 ne
589 1241 627 1282 ea
645 1239 802 1304 rugarum
821 1218 980 1282 deformet
999 1218 1173 1283 adtractic.

161 1312 333 1372 seruantur
356 1307 456 1371 etiam
478 1305 585 1372 decisa
604 1328 677 1371 cum
696 1306 796 1371 ramis
816 1307 884 1371 suis
903 1310 960 1371 aut
980 1328 1039 1371 sua
1056 1305 1174 1371 fronde

161 1396 311 1460 inuoluta
334 1400 431 1479 atque
455 1416 619 1480 suspensa.

124 1487 146 1548 4
244 1482 304 1548 DE
334 1482 467 1548 POMIS
497 1482 701 1550 ALIORVM
726 1481 925 1549 MENSVM.
967 1483 1041 1549 Hoc
1069 1483 1171 1549 etiam

107 1571 165 1660 (V)
183 1594 290 1638 mense
318 1573 399 1637 locis
428 1573 618 1656 temperatis
648 1574 735 1637 mala
767 1577 902 1658 granata
935 1577 1102 1656 ponuntur
1135 1595 1174 1638 ea
1187 1598 1211 1638 15

159 1662 300 1742 ratione,
329 1683 394 1745 qua
420 1662 544 1726 dictum
572 1668 635 1746 est,
668 1666 701 1726 et
728 1663 924 1727 inseruntur.
970 1683 1056 1726 nunc
1085 1661 1174 1726 circa

161 1751 309 1816 calendas
338 1751 440 1814 maias
470 1751 614 1835 persicus
642 1750 801 1815 inoculari
828 1753 950 1834 potest,
982 1771 1047 1834 quo
1081 1771 1172 1816 more

160 1840 376 1923 inplastratur
407 1840 502 1923 fieus,
535 1838 620 1904 sicut
652 1839 805 1918 diximus,
839 1861 911 1904 curn
944 1840 983 1903 de
1014 1839 1172 1904 insitione

160 1929 374 2012 loqueremur.
419 1928 482 1993 hoc
508 1950 619 1993 mense
647 1928 759 1993 calidis
787 1929 868 1992 locis
897 1927 971 1991 citri
999 1929 1097 1992 arbor
1124 1929 1171 1992 in·

160 2018 288 2100 seritur,
312 2017 396 2095 sicut
420 2039 518 2099 supra
538 2017 725 2081 memoraui.
762 2038 848 2081 nunc
867 2016 948 2081 locis
966 2014 1097 2101 frigidis
1115 2017 1172 2082 fici
1185 2042 1211 2080 so

159 2107 321 2191 plantaria
344 2106 552 2190 disponemus
571 2109 739 2170 seruantes
759 2127 839 2184 eam,
864 2126 945 2189 quae
965 2127 1064 2188 supra
1084 2105 1172 2170 dicta

120 2197 140 2261 5
169 2201 232 2280 ert,
269 2195 483 2278 disciplinam
534 2216 620 2260 nunc
653 2194 753 2259 etiam
789 2195 885 2259 licum
927 2194 1082 2258 debemus
1123 2193 1173 2258 in·

1 2295 2 2340 ἐ
108 2281 273 2371 (2)εεῐετθ
302 2283 336 2347 in
363 2283 454 2369 ligno
479 2283 531 2348 uel
555 2283 614 2347 sub
641 2284 775 2368 cortice,
804 2284 889 2348 sicut
912 2287 987 2346 ante
1010 2283 1172 2368 praecepi,

160 2377 193 2436 et
216 2394 287 2436 eam
310 2371 391 2436 locis
415 2371 508 2437 siccis
532 2372 706 2436 inoculare.
743 2394 828 2437 nunc
846 2372 1029 2456 palmarum
1048 2372 1172 2456 planta,

160 2482 257 2544 quam
281 2460 459 2525 cefalonem
483 2482 651 2546 uocemue,
675 2461 755 2526 locis
780 2460 899 2544 apricis
923 2466 957 2524 et
980 2459 1093 2524 calidis
1118 2467 1173 2525 est
1187 2487 1215 2526 aa

159 2549 316 2632 ponedda.
362 2549 424 2614 hoc
457 2572 567 2614 mense
596 2551 729 2614 sorbum
757 2549 937 2632 poterimus
965 2549 1106 2614 inserere
1136 2551 1174 2615 in

160 2659 207 2721 se,
230 2637 265 2701 in
289 2637 446 2722 cydone0‚
468 2637 502 2702 in
525 2639 619 2722 spina
643 2639 725 2703 alba.

230 2820 247 2867 4
265 2812 352 2881 prode
372 2814 414 2866 est
432 2813 459 2865 L
475 2813 479 2883 l
496 2811 628 2867 corticem
646 2814 672 2866 V
692 2816 700 2883 ll
723 2819 739 2866 5
759 2811 882 2882 lapidem
901 2813 928 2866 L
951 2812 954 2882 l
980 2811 1098 2865 cumulis
1117 2813 1147 2866 L
1169 2813 1173 2884 l

160 2887 311 2955 aggeratur
330 2900 406 2954 acpa
435 2884 439 2953 Ι
465 2883 532 2951 quia
551 2885 675 2954 PLQF
699 2887 708 2954 ΙΙ
736 2891 751 2938 6
770 2883 861 2937 tristis
880 2885 923 2936 est
940 2883 992 2936 hec
1010 2883 1042 2936 E
1064 2884 1068 2951 Ι
1097 2881 1175 2937 ferro

160 2955 282 3025 astrigili
299 2955 377 3024 6118
397 2953 536 3008 adfundas
556 2958 584 3009 et
597 2955 759 3024 frequenter
775 2955 801 3009 G
817 2957 821 3026 Ι
838 2953 936 3022 zyayfa
950 2953 1014 3023 PQ,
1033 2952 1126 3022 zyaifa
1141 2956 1174 3022 V,

160 3026 443 3151 trinitate
471 3025 924 3152 attrectabilem
944 3024 1177 3170 triturat

160 3174 193 3221 16
212 3166 286 3220 Nam
304 3170 373 3239 iepe
396 3171 405 3239 ll
430 3141 461 3222 1’7
480 3168 563 3222 modo
579 3186 631 3237 pro
650 3141 726 3224 mord
745 3169 776 3222 Ε
797 3171 806 3238 ΙΙ
830 3174 861 3221 18
881 3166 1053 3237 inplastatur
1070 3168 1110 3235 L,
1131 3167 1177 3222 in-

159 3238 334 3308 plaustratur
352 3240 393 3308 E,
413 3238 608 3308 implastratur
630 3242 675 3307 Ti,
695 3239 895 3309 emplastratur
913 3255 989 3308 acps
1011 3240 1020 3308 ΙΙ
1050 3245 1082 3291 19
1100 3237 1176 3293 locis

160 3307 261 3363 calidis
282 3309 378 3379 61120
397 3311 466 3363 ficus
484 3310 641 3378 plantarias
658 3312 689 3363 E
700 3313 709 3379 ΙΙ
724 3317 758 3363 24
776 3309 875 3379 planta
893 3309 1052 3379 palmarum
1070 3311 1176 3382 dacrya,

158 3379 255 3448 palma
272 3378 432 3448 palmarum
449 3381 479 3433 Ε
491 3383 500 3450 ΙΙ
515 3387 548 3432 25
568 3397 640 3448 quae
661 3381 687 3435 G
703 3383 706 3452 l
723 3381 907 3450 cephalonem
924 3381 1051 3451 Eiucpa
1065 3383 1074 3450 ΙΙ
1088 3386 1123 3435 26
1139 3381 1177 3435 in

160 3448 301 3503 se—alba
320 3467 369 3504 om.
385 3451 414 3502 Ε
427 3452 436 3519 ΙΙ
451 3457 483 3504 27
503 3450 622 3518 cydonio
642 3469 718 3522 ceps
1191 3475 1193 3479 ’
