2524 3946
186 233 252 299 140
607 233 778 288 PALLADII

183 379 293 445 forma
311 379 484 462 altissima,
502 380 648 464 corporis
665 379 767 464 longi,
785 379 870 443 uteri
886 378 1013 462 capacis
1028 382 1060 442 et
1073 379 1190 463 magni,

184 469 254 532 alta
275 468 395 552 fronte,
417 469 521 534 oculis
543 468 648 554 nigris
666 472 701 531 et
718 467 906 554 grandibus,
927 465 1071 551 pulchris
1090 469 1191 531 corui·

184 558 246 621 bus
279 561 314 621 et
339 560 514 641 praecipue
541 557 661 642 nigris,
692 579 769 621 aure
797 561 918 640 setosa,
949 556 1132 639 palearibus
1160 563 1192 620 et

183 645 296 711 caudis
324 646 490 726 maximis,
517 645 650 731 ungulis
678 646 833 710 breuibus
860 649 893 708 et
920 643 1067 709 cruribus
1089 644 1192 730 nigris

183 740 218 799 et
240 735 366 819 paruis,
390 736 509 800 aetatis
533 733 674 799 maxime
697 735 828 814 trimae,
855 733 933 818 quia
955 754 1056 816 usque
1080 734 1119 798 ad
1143 734 1225 799 der

183 825 336 888 cennium
354 823 462 888 fetura
480 846 519 888 cx
538 824 591 887 his
609 824 764 907 procedet
781 823 903 887 utilior.
938 843 998 886 nec
1017 825 1091 886 ante
1109 827 1194 886 aeta-

139 914 160 978 6
184 917 252 976 tem
276 914 410 976 trimam
433 919 547 977 tauros
569 911 622 976 his
645 916 778 996 oportet
798 909 938 976 admitti
974 911 1111 976 sederit
1130 915 1195 976 stu-

184 1001 275 1066 dium
307 1001 476 1085 diligentis
509 1002 629 1066 amotis
662 1001 845 1065 senioribus
875 1000 1022 1064 ncuellas
1059 1002 1195 1066 subinde

183 1091 364 1154 conducere
396 1096 430 1154 et
462 1091 591 1154 steriles
625 1096 735 1154 aratro
768 1112 806 1154 ac
836 1089 1003 1152 laboribus
1032 1089 1195 1172 deputare.

183 1176 300 1243 Graeci
320 1179 484 1260 adserunt,
508 1180 537 1243 si
554 1200 662 1243 mares
681 1200 790 1242 creare
809 1178 901 1254 uelis,
920 1178 1090 1242 sinistrum
1108 1179 1226 1243 taurin

183 1267 217 1330 iu
237 1269 328 1332 coitu
345 1266 515 1352 ligandum
529 1289 600 1332 esse
616 1266 812 1338 testiculum.
832 1266 861 1330 si
874 1267 1019 1346 feminas,
1034 1267 1195 1331 dextrum:

183 1359 292 1419 tamen
323 1361 437 1421 tauros
461 1357 516 1421 diu
539 1360 614 1438 aute
638 1355 864 1429 abstinendos,
890 1360 943 1439 ut,
969 1378 1043 1420 curu
1066 1360 1195 1440 tempus

140 1446 248 1528 test,
275 1445 382 1508 acrius
410 1443 444 1509 in
472 1467 586 1510 causas
615 1444 709 1508 dilati
734 1444 872 1509 femoris
897 1445 1096 1508 incumbant.
1144 1446 1195 1510 sed

182 1532 235 1594 his
264 1533 420 1598 armentis
448 1533 555 1598 hieme
582 1533 748 1597 maritima
770 1538 803 1597 et
827 1534 936 1617 aprica
958 1532 1043 1613 loca,
1071 1539 1195 1600 aestate

183 1641 287 1702 opaca
318 1644 471 1705 paremus
503 1645 541 1688 ac
573 1621 712 1706 frigida,
742 1626 898 1687 montana
929 1623 1086 1704 maxime,
1122 1622 1227 1708 quien

183 1708 300 1773 melius
324 1711 475 1775 frutectis
499 1716 533 1775 et
550 1711 603 1775 his
621 1710 723 1775 herba
741 1711 980 1775 internascente
999 1715 1195 1776 saturentur.

183 1797 334 1879 quamuis
349 1798 436 1863 circa
449 1799 568 1864 fluuios
583 1804 670 1864 recte
685 1804 819 1884 propter
832 1798 905 1864 loca
918 1821 1054 1863 amoena
1064 1823 1197 1883 pascan-

183 1891 251 1964 tur,
278 1885 386 1950 fetura
409 1892 520 1952 tamen
543 1889 635 1972 aquis
659 1888 875 1972 tepidioribus
899 1886 1085 1970 adiuuatur,
1113 1890 1196 1954 unde

138 2065 158 2129 a
182 1973 909 2130 11111111111111111
937 1999 1021 2130 “tt
1047 1981 1252 2133 &attur

182 2173 285 2237 genus
318 2158 352 2216 et
382 2157 493 2237 potest
525 2153 621 2219 facile
652 2153 826 2218 hibernare
858 2086 924 2218 stubi
951 2155 1039 2219 diuo:
1077 2157 1197 2238 quibus

181 2245 294 2304 tamen
321 2245 414 2326 septa
441 2243 513 2306 ficri
540 2246 676 2327 propter
703 2242 856 2307 iniuriam
884 2243 1094 2328 grauidarum
1126 2267 1198 2310 con·
1250 2287 1251 2315 r

180 2329 273 2393 uenit
291 2329 424 2394 laxiora.
461 2331 592 2396 stabula
610 2352 688 2395 uero
707 2331 803 2396 utilia
822 2336 898 2396 sunt
917 2335 1022 2396 strata
1040 2354 1123 2398 saxo
1144 2339 1198 2398 aut

181 2417 302 2502 glareis
326 2422 383 2481 aut
408 2419 547 2504 harenis,
569 2421 691 2485 deuexa
714 2419 929 2504 aliquatenus
951 2424 989 2484 ut
1010 2443 1107 2486 umor
1127 2445 1198 2507 pos·
1249 2480 1250 2499 ,

182 2505 226 2568 sit
249 2504 346 2589 elabi,
368 2509 456 2589 parti
479 2505 675 2573 meridianae
700 2509 840 2574 obuersa
858 2513 992 2593 propter
1010 2510 1111 2575 flatus
1133 2513 1229 2598 gia-u

181 2591 295 2676 ciales,
317 2594 435 2677 quibus
460 2596 578 2681 aliquis
603 2598 754 2662 resistere
779 2599 875 2663 debet
897 2597 1053 2663 obiectus.
1248 2643 1249 2683 ,

253 2818 346 2903 luim
360 2838 414 2890 pro
431 2823 505 2903 uteri
521 2824 569 2892 Ε1
586 2823 665 2893 longi
674 2842 728 2893 pro
741 2825 839 2895 magni
849 2829 924 2895 1111
943 2826 1084 2895 10103114
1104 2828 1197 2910 nigris
1247 2809 1248 2865 1

179 2894 209 2944 01
227 2893 357 2962 0011116
377 2891 516 2947 decimum
533 2897 598 2964 1116
617 2894 710 2949 fetura
726 2914 776 2951 om.
791 2898 822 2950 E
836 2896 841 2968 1
856 2896 1198 2969 proceditLVGS(1ic

178 2963 332 3042 rasuraff
355 2965 365 3034 11
393 2964 530 3018 dtr-inam
551 2967 574 3037 Q
599 2968 603 3035 1
634 2966 755 3036 dabetp
781 2970 791 3037 11
819 2966 957 3022 Sustulis
977 2967 1077 3022 amotis
1093 2986 1128 3039 p,
1151 2971 1198 3025 ab·

178 3035 292 3086 mousa'
318 3037 328 3104 11
356 3040 371 3088 9
396 3037 425 3089 et
443 3052 497 3104 pro
520 3053 553 3090 ac
572 3038 602 3089 Ε
627 3040 636 3106 11
665 3044 697 3091 11
722 3036 752 3091 in
775 3056 860 3093 cornu
880 3040 910 3092 E
934 3042 944 3109 11
972 3045 1005 3093 11
1024 3042 1147 3095 tamnen
1169 3043 1198 3112 Q,

179 3101 250 3186 Tunr
269 3104 300 3156 E
315 3107 324 3175 11
348 3111 382 3180 11
401 3109 492 3160 estate
510 3123 577 3161 uero
596 3109 627 3162 Ε
643 3110 652 3176 11
676 3115 710 3163 10
729 3112 758 3163 et
772 3125 826 3178 pro
845 3127 878 3164 ac
897 3111 927 3163 Ε
942 3112 952 3180 11
977 3116 1009 3164 16
1028 3114 1200 3167 saturantur

179 3172 331 3245 SEaccpa
361 3179 371 3247 11
404 3184 436 3231 17
466 3194 584 3232 amoena
610 3177 675 3233 loca
701 3181 793 3250 iacps
824 3182 833 3249 11
867 3187 900 3236 18
928 3180 1103 3235 adiuuantur
1136 3185 1169 3238 Ε
1191 3185 1199 3254 11

179 3249 214 3296 10
233 3243 339 3298 Tamen
357 3246 461 3301 tolerat
480 3249 507 3302 G
533 3252 542 3318 11
570 3255 602 3302 11
624 3248 671 3304 dio
690 3269 767 3321 acqc
793 3255 802 3322 11
830 3258 863 3305 13
888 3255 954 3306 sunt
972 3270 1021 3307 cm.
1038 3255 1098 3376 pal
1130 3272 1198 3309 saxo

179 3316 229 3368 aut
248 3332 297 3369 om.
314 3333 336 3384 p
353 3319 363 3385 11
381 3323 415 3370 14
434 3318 571 3388 glarcaris
590 3320 637 3389 Ε1
659 3320 761 3376 diuexa
781 3324 877 3392 61115
895 3326 976 3393 parte
995 3324 1066 3394 Vis
1099 3328 1152 3380 tus
1173 3326 1200 3380 Ε
