2524 3946
191 194 235 258 94
615 194 785 248 PALLADE

192 339 294 404 etiam
318 339 442 404 semina
464 361 617 426 spargere
636 361 820 424 possumus,
843 345 881 404 ut
900 341 1003 406 mixta
1020 345 1194 420 nascantur,

192 428 270 513 quia
297 433 331 492 et
358 430 511 514 asparagi
540 429 692 493 coluntur
720 433 753 492 et
781 429 998 495 incenduntur
1022 429 1085 495 hoo
1107 452 1196 512 more,

147 521 256 601 2quo
286 539 416 581 cannae.
462 518 518 582 sed
549 518 577 582 si
603 522 680 582 sunt
703 518 839 602 antiqua
862 524 1012 603 canneta,
1038 519 1102 584 hoe
1123 523 1196 583 tern-

190 627 269 690 pore
293 606 455 671 satientur
479 607 605 689 recisis,
634 628 716 690 quae
739 607 774 670 in
797 607 904 672 radice
928 609 1099 693 purganda
1121 611 1197 689 sunt,

191 696 223 759 id
251 700 315 779 est,
344 695 496 778 putribus
528 696 613 760 male
646 695 805 778 porrectis
839 701 873 761 et
900 697 928 761 si
957 719 1021 781 qua
1050 697 1224 782 gignendis

192 785 305 849 oeulos
323 807 390 849 non
409 784 585 849 habebunt.
623 807 709 849 nunc
729 785 839 849 salicis
857 787 988 868 plantas
1008 789 1041 850 et
1060 786 1197 850 omniurn

191 894 357 959 generum,
380 895 463 957 quae
482 874 616 938 arbusto
636 873 847 958 adplicandae
865 878 952 958 sunt,
969 875 1023 939 uel
1042 879 1197 960 genestae,

191 962 248 1026 ubi
272 962 384 1044 deerit,
408 963 592 1027 obruamus.
638 984 678 1027 ex
700 963 790 1026 bacis
816 963 917 1027 etiam
939 963 1041 1048 myrti
1064 967 1098 1028 et
1121 965 1197 1028 lauri

190 1051 365 1115 seminaria
387 1050 544 1115 faciemus
568 1052 636 1136 uel,
660 1053 687 1115 si
711 1052 855 1136 fuerant,
879 1052 1073 1117 excolamus.
1241 1049 1242 1086 ¹

572 1281 631 1346 DE
655 1279 823 1347 HORTIS.
1208 1307 1242 1346 u,

137 1405 270 1473 XXIIII
339 1405 433 1472 Circa
459 1407 531 1470 idus
555 1406 736 1470 februarius
759 1429 852 1491 sepes
874 1408 1046 1472 hortorum
1069 1430 1112 1472 ex
1136 1430 1199 1472 cou-

190 1499 283 1582 gesto
315 1494 350 1559 in
381 1496 513 1560 funibus
551 1495 719 1580 spinarum
752 1497 874 1560 semine
906 1496 1085 1580 faciendae,
1121 1496 1198 1562 sieut

189 1585 313 1649 dictum
338 1588 401 1666 est,
429 1607 503 1650 cum
526 1584 565 1648 de
589 1584 765 1648 munimine
789 1586 997 1669 loqueremur
1019 1586 1197 1650 hortorum.

188 1673 267 1737 item
293 1671 408 1738 Graeci
436 1673 548 1737 dicunt
575 1675 614 1736 de
638 1694 753 1758 grossa
777 1673 851 1737 rubi
873 1673 967 1759 virga
989 1673 1060 1738 fieri
1083 1675 1196 1739 debere

188 1761 366 1845 particulas
394 1766 427 1826 et
454 1760 655 1846 palmaribus
684 1763 854 1827 scrobibus
884 1762 979 1827 obrui
1010 1767 1042 1827 et
1071 1763 1197 1846 cotidie,
1208 1786 1225 1828 u

143 1853 290 1917 2doneo
323 1851 485 1935 frondeat,
517 1850 661 1916 fossione
693 1855 726 1915 et
758 1851 920 1936 rigatione
951 1851 1082 1916 nutriri.
1141 1853 1197 1916 hoo

188 1962 299 2004 mense
327 1939 455 2005 lactuca
483 1940 615 2023 seritur,
643 1943 681 2003 ut
706 1941 814 2023 possit
842 1941 938 2025 aprili
965 1962 1074 2005 mense
1100 1945 1198 2005 trans-

187 2028 273 2094 ferri.
320 2029 401 2094 item
429 2030 566 2094 carduus
595 2029 715 2093 seritur
743 2034 776 2093 et
798 2029 998 2094 nasturtium
1022 2034 1055 2093 et
1079 2032 1199 2095 corian-

188 2119 282 2182 drum
309 2123 344 2183 et
371 2140 527 2202 papauer,
560 2118 646 2182 siout
675 2140 785 2183 mense
812 2118 997 2202 nouembri,
1025 2123 1059 2183 et
1087 2119 1197 2184 allium

187 2208 240 2272 uel
263 2207 417 2291 ulpicum.
462 2229 548 2271 nuno
571 2207 714 2270 satureia
738 2207 856 2271 seritur
878 2207 994 2291 pingui
1018 2229 1113 2293 agro,
1137 2229 1226 2273 nonu

188 2300 383 2380 stercorato,
415 2298 471 2361 sed
500 2295 610 2379 aprico
638 2296 690 2360 uel
718 2295 834 2361 melius
862 2298 946 2360 mari
973 2295 1138 2380 proximo:
1169 2300 1197 2360 et

142 2387 163 2451 3
188 2407 260 2450 curn
289 2384 423 2468 oepullis
449 2383 553 2449 mixta
576 2386 764 2449 seminatur.
809 2386 871 2450 hoo
896 2386 995 2450 etiam
1018 2408 1130 2451 mense
1155 2408 1198 2450 oe

186 2473 294 2556 pullas
326 2473 422 2538 seris:
455 2475 511 2538 sed
544 2477 673 2538 constat
705 2478 738 2538 et
769 2495 845 2538 uere
878 2478 911 2539 et
941 2478 1099 2539 autumno
1132 2495 1198 2540 esse

260 2705 449 2755 luascuntur
469 2702 547 2770 &112
568 2701 718 2771 asparagia
738 2701 834 2773 Gleo
853 2719 911 2772 oco
927 2703 931 2772 1
947 2703 1139 2771 menseEn4
1157 2719 1196 2756 re·
1242 2683 1243 2776 1

187 2771 314 2841 nidisque
328 2773 355 2826 L
368 2774 378 2841 11
392 2779 408 2826 t
426 2772 549 2842 putridis
562 2774 588 2827 Τ
597 2775 606 2843 11
621 2778 637 2826 6
655 2773 763 2826 habent
776 2773 848 2827 SEs
864 2775 867 2843 1
885 2773 985 2827 subeas
995 2774 1026 2827 Ε
1040 2774 1043 2844 1
1061 2774 1196 2827 omnium-

186 2862 241 2914 que
259 2845 291 2898 Ε
315 2846 324 2914 11
353 2849 367 2895 7
391 2860 526 2913 generum
549 2845 673 2898 arbusta.
707 2844 894 2914 applicandae
916 2845 948 2898 E
975 2847 979 2913 1
1009 2844 1139 2914 genistae
1164 2845 1197 2912 G,

186 2919 319 2986 genestae
338 2914 398 2985 (ubi
417 2915 544 2985 deerrmt)
563 2933 623 2986 aeq
636 2918 646 2985 11
664 2921 680 2968 8
700 2915 849 2970 obruemur
867 2916 894 2969 L
907 2917 917 2985 11
936 2923 951 2970 9
971 2915 1079 2970 semina
1098 2916 1121 2971 S
1127 2916 1172 2969 ¹E
1187 2915 1196 2986 11

188 2992 219 3040 11
242 2985 399 3042 febroarias
425 2986 489 3056 QF,
516 2986 653 3040 februarii
672 2988 703 3040 E
731 2988 741 3056 11
773 2993 806 3040 12
833 2986 982 3041 faciendae
1009 2989 1075 3040 sunt
1099 2988 1197 3052 Eius,

187 3060 252 3111 sunt
270 3059 334 3113 incl.
349 3076 385 3130 cp
401 3059 404 3130 1
421 3060 494 3113 sunt.
518 3061 550 3111 ut
564 3075 618 3126 pro
637 3057 711 3112 siout
732 3058 824 3181 Τ1113
843 3057 949 3112 uimine
967 3058 1014 3111 E¹
1027 3059 1037 3127 11
1052 3064 1085 3112 14
1106 3074 1198 3112 crassa

187 3131 286 3198 arpen
300 3135 332 3183 16
351 3130 502 3184 frondeant
515 3131 589 3200 iope
605 3130 609 3200 1
625 3129 673 3182 ΒΕ
688 3128 756 3182 Lao
781 3129 854 3183 VOA
867 3132 919 3184 ins.
935 3130 966 3182 E
977 3131 987 3199 11
1000 3134 1033 3182 17
1053 3128 1196 3183 ut-seri-

186 3201 233 3252 tur
252 3215 302 3254 om.
313 3217 335 3268 p
356 3204 366 3268 11
390 3206 422 3255 18
442 3200 490 3252 DE
510 3199 657 3254 CARDVO
676 3202 728 3255 inc.
743 3201 774 3254 Ε
797 3202 801 3270 1
821 3200 990 3254 nasturtium
1009 3202 1038 3254 et
1056 3200 1133 3254 alum
1150 3199 1197 3253 uel

186 3269 313 3350 ulpicum
335 3273 363 3324 et
387 3271 566 3325 coriandrum
589 3273 617 3325 et
635 3288 765 3393 papauer
789 3270 862 3325 sicut
884 3288 979 3326 mense
1001 3271 1148 3326 noucmbri
1168 3270 1196 3338 S,

185 3342 367 3395 nasturmum.
392 3344 420 3395 et
439 3341 545 3396 allium,
569 3343 598 3394 et
615 3359 634 3394 u
646 3342 748 3411 picum.
769 3345 797 3396 et
816 3343 1000 3397 coriandmm.
1021 3344 1050 3396 et
1083 3359 1195 3414 apauer.

187 3411 260 3465 sicut
276 3427 372 3464 mense
390 3411 544 3466 nouembri.
564 3411 640 3465 Nam
657 3414 706 3482 ΕΙ
723 3413 898 3468 coliandrum
916 3413 1038 3483 PLQV
1085 3417 1094 3486 11
1117 3419 1149 3468 20
1168 3415 1198 3467 et

186 3482 313 3551 ulpicum
336 3482 458 3551 Eurus,
487 3500 575 3551 ouap
605 3486 615 3552 11
647 3490 680 3536 22
705 3502 769 3538 cum
791 3486 891 3556 incip
920 3488 924 3555 1
953 3483 1001 3538 DE
1026 3483 1195 3540 CEPVLLIS

187 3552 670 3623 tas.E10epu11aaqaaseritur
691 3555 724 3625 G,
744 3572 818 3610 seres
837 3574 891 3627 cys
907 3558 911 3626 1
928 3573 988 3610 esse
1007 3573 1057 3612 om.
1069 3575 1091 3626 p
