2524 3946
167 191 231 255 128
591 184 765 240 PALLADII

165 336 357 423 prouiderit,
378 357 420 401 ne
438 355 537 420 poma
555 334 733 398 findantur.
768 328 956 412 curandum,
973 353 1015 395 ne
1037 333 1175 418 uirgulta

165 430 299 491 inuersa
330 426 484 509 deponas.
530 423 708 487 medentur
739 418 830 483 acida
855 417 943 501 fieri,
974 420 1003 483 si
1035 421 1175 506 rigentur

167 515 315 580 adsidue:
342 536 420 578 nam
447 513 579 577 siccitas
605 512 642 575 in
668 508 722 573 his
750 511 783 572 et
810 507 1010 574 suauitatem
1036 515 1177 592 praestat

168 609 202 668 et
221 603 361 687 copiam.
393 602 485 667 cuius
503 605 615 665 tamen
632 596 796 663 nimietati
814 593 937 678 aliquid
952 597 1049 662 debet
1062 600 1177 666 umoris

124 695 146 760 3
170 693 304 777 obponi.
339 689 532 756 circumfodi
554 693 713 753 autumno
731 686 827 749 debet
845 689 879 748 et
896 706 1009 753 uerno.
1046 688 1076 752 si
1095 689 1179 754 acida
1200 716 1208 754 ε

167 788 358 862 nascuntur,
372 780 536 844 modicum
550 777 666 842 laseris
681 797 755 840 cum
768 773 846 837 uino
860 773 978 838 tritum
987 797 1047 859 per
1060 799 1180 844 summa

170 871 300 936 arboris
328 869 498 934 cacumina
524 869 656 950 oportet
683 863 810 927 infundi
831 862 886 926 uel
909 863 1116 947 ablaqueatis
1137 890 1180 931 ra·

171 959 300 1025 dicibus
315 959 409 1023 tedae
423 957 536 1021 clauus
545 955 648 1040 infigi
672 952 728 1017 alii
743 951 852 1036 algam
866 950 1029 1018 murinam
1043 954 1182 1020 obruunt

171 1049 212 1114 ed
230 1047 366 1130 radices,
384 1046 438 1113 cui
450 1044 601 1109 nonnulli
615 1046 740 1106 stercus
755 1041 894 1104 miscent
908 1040 1075 1108 asininum
1089 1049 1182 1129 atque

171 1135 353 1222 porcinum.
399 1135 427 1198 si
454 1134 569 1198 florem
595 1153 662 1195 non
690 1127 850 1212 continet,
880 1129 1011 1194 urinam
1041 1138 1183 1198 ueterem
1194 1159 1212 1198 a

172 1248 247 1291 cum
274 1224 347 1308 pari
375 1244 527 1287 mensura
554 1243 658 1305 aquae
685 1216 882 1301 temperabis
914 1221 949 1281 et
977 1241 1036 1303 per
1067 1244 1183 1287 annum
1246 1247 1247 1250 ¹

172 1315 208 1378 in
235 1313 400 1377 radicibus
428 1311 552 1376 fundes.
598 1309 655 1372 uni
682 1307 793 1372 arbori
819 1305 946 1371 amfora
968 1308 1101 1394 ingesta
1125 1312 1183 1376 sul·

173 1402 272 1466 ficiet
312 1400 365 1465 uel
388 1421 555 1464 amurcam
577 1398 691 1461 mittes
713 1393 872 1460 insulsam
894 1396 948 1460 uel
972 1397 1084 1483 algam
1107 1401 1184 1465 radi·

175 1490 267 1553 cibus
303 1489 419 1574 iunges
456 1492 490 1552 et
522 1488 574 1552 bis
606 1486 732 1572 rigabis
763 1483 799 1547 in
831 1506 943 1550 mense
974 1486 1029 1550 nel
1061 1490 1184 1555 arboris
1247 1523 1248 1539 r

174 1577 323 1641 florentis
351 1581 503 1642 truncum
529 1576 685 1661 plumbeo
712 1572 834 1638 circulo
862 1573 995 1639 debebis
1022 1576 1214 1644 includeres

130 1668 154 1731 4
176 1666 229 1730 uel
253 1667 341 1729 corio
367 1666 484 1750 anguis
502 1665 679 1729 inuoluere.
716 1663 746 1726 si
763 1668 899 1746 crepant
916 1685 1024 1748 poma,
1047 1666 1186 1750 lapidem

176 1756 212 1818 in
239 1753 346 1818 media
375 1754 502 1818 arboris
529 1752 638 1818 radice
665 1749 823 1835 subponis
848 1751 901 1814 uel
924 1753 1082 1835 squillam
1105 1757 1186 1821 circa

177 1842 326 1907 arborem
349 1841 440 1908 seris.
486 1847 520 1906 et
542 1842 585 1922 si,
608 1841 685 1905 dum
707 1840 850 1924 pendent
872 1862 984 1924 poma,
1010 1844 1186 1924 tenacibus,
1248 1867 1249 1889 1

176 1932 263 1997 sicut
284 1932 320 1996 in
343 1931 459 1996 arbore
481 1932 653 2013 habentur,
676 1929 858 2011 intorseris,
879 1928 915 1992 in
937 1933 1046 1996 totum
1069 1956 1187 2000 annum

176 2021 246 2085 sine
284 2020 491 2104 corruptione
527 2023 709 2084 seruantur.
757 2018 787 2082 si
822 2017 990 2083 uermibus
1026 2021 1216 2106 laborantes

177 2109 287 2196 tangis
319 2109 444 2174 radices
475 2109 553 2174 felle
583 2107 709 2172 bubulo
741 2112 775 2170 et
806 2107 960 2172 continuo
991 2111 1187 2177 moriuntur:

178 2203 235 2263 aut
262 2200 356 2265 clano
386 2218 485 2262 aeneo
514 2198 542 2261 si
570 2218 697 2260 uermes
728 2197 858 2261 eosdem
889 2217 1024 2282 purges,
1057 2200 1187 2266 difficile

177 2292 365 2354 nascentur:
397 2286 450 2350 uel
484 2285 568 2351 asini
594 2289 690 2349 urina
717 2286 854 2350 stercori
882 2285 1028 2350 admixta
1055 2290 1187 2372 porcino

178 2377 346 2443 uermibus
366 2375 524 2440 obuiabit.
556 2375 638 2440 cinis
657 2396 731 2438 cum
749 2372 858 2440 lexiuo
877 2375 963 2440 circa
976 2377 1089 2459 punici
1103 2383 1190 2442 trun-

179 2488 253 2530 cum
279 2465 466 2548 frequenter
493 2464 621 2529 infusus
648 2464 735 2528 laeta
760 2466 793 2527 et
815 2464 984 2529 fructuosa
1005 2466 1122 2531 reddet
1144 2488 1220 2532 ar-as

134 2559 155 2622 5
180 2555 285 2618 busta.
331 2553 452 2616 adserit
479 2553 640 2626 Martialis
671 2551 809 2617 candida
837 2553 872 2618 in
899 2553 952 2618 his
980 2574 1084 2639 grana
1112 2556 1190 2638 fieri,

180 2643 208 2706 si
236 2642 372 2727 argillae
399 2645 433 2706 et
460 2645 567 2707 cretae
596 2648 748 2726 quartam
774 2647 903 2725 partem
930 2643 1028 2727 gypsi
1053 2644 1190 2710 misceas

180 2736 213 2796 et
240 2735 312 2796 toto
342 2730 483 2796 triennio
510 2730 573 2796 hoc
601 2752 704 2816 genus
728 2735 835 2795 terrae
858 2731 1021 2796 radicibus
1045 2734 1117 2798 eius
1141 2734 1192 2798 ad-

179 2822 305 2906 iungas.
351 2819 437 2884 idem
465 2820 545 2885 dicit
570 2821 672 2884 mirae
695 2819 931 2905 magnitudinis
957 2820 1043 2904 fieri,
1070 2823 1099 2886 si
1130 2822 1193 2886 olla

253 3055 266 3101 1
286 3048 435 3119 prouidest
454 3047 485 3100 E
507 3050 511 3116 l
536 3047 692 3101 mudantur
709 3048 736 3101 L
761 3049 765 3119 Ι
791 3047 942 3119 uirgulap
967 3050 977 3117 ll
1005 3053 1021 3101 6
1040 3053 1196 3104 nascantur

183 3119 371 3190 QEFe'ocps
384 3122 423 3190 117
444 3121 474 3173 et
491 3117 599 3173 arboris
618 3119 649 3172 Ε
660 3122 699 3188 118
719 3118 815 3173 clauos
834 3120 865 3173 E
877 3121 886 3188 ΙΙ
902 3125 933 3173 11
954 3119 1079 3189 compari
1097 3123 1170 3192 Lep
1187 3177 1190 3182 ⁴

182 3197 214 3243 12
238 3189 370 3244 infundes
389 3193 482 3260 tacps
504 3194 514 3260 ll
537 3196 571 3244 13
596 3207 742 3259 amurgam
760 3192 788 3243 P
811 3190 815 3260 Ι
840 3190 931 3244 mittis
950 3191 1199 3261 PLQVGSET

181 3262 249 3316 Fla
271 3265 280 3330 11
305 3266 337 3313 15
355 3261 520 3315 florentibus
540 3261 563 3330 Q
588 3263 592 3330 Ι
618 3260 703 3315 debes
722 3263 753 3315 E
774 3265 783 3331 ΙΙ
807 3267 839 3314 18
859 3264 889 3315 et
907 3261 931 3315 si
949 3262 1052 3330 quibus
1070 3263 1199 3332 pendent

181 3347 266 3402 poma
283 3332 431 3386 tenacibus
449 3335 486 3401 ⁸l
509 3337 543 3384 20
562 3330 688 3385 seruabis
707 3333 801 3402 s'ocpc
819 3334 828 3401 ΙΙ
849 3339 881 3386 21
901 3332 1002 3387 bubuli
1020 3335 1051 3388 E
1063 3337 1073 3405 ΙΙ
1091 3340 1127 3388 22
1149 3335 1199 3388 aut

182 3402 340 3456 -arbusta
353 3418 403 3455 om.
414 3420 436 3471 p
450 3404 459 3471 ll
473 3408 507 3456 23
522 3401 611 3455 mixta
624 3403 655 3454 E
666 3405 675 3471 ll
690 3408 724 3456 24
743 3402 873 3457 obuiauit
889 3404 912 3473 Q
947 3403 1047 3458 lixiuio
1061 3406 1194 3477 Eucys!

184 3481 217 3595 Ξῖ»
235 3471 330 3554 reddit
348 3472 474 3542 Etocys
496 3475 505 3541 l
529 3478 562 3525 26
581 3472 709 3526 Asseruit
727 3475 758 3527 Ε
778 3476 788 3542 ΙΙ
811 3479 843 3527 27
865 3491 895 3528 ar
918 3474 967 3528 'la
987 3476 1035 3545 Gn
1059 3483 1092 3532 29
1113 3492 1201 3546 poma

203 3561 274 3598 ens
