2556 3942
191 189 233 254 26
614 188 784 244 prunnon

145 339 167 402 3
192 339 255 400 tur.
301 333 388 400 fotus
415 333 640 418 frequentant,
670 335 699 399 si
726 334 885 400 hordeum
912 333 1125 400 torrefactum
1152 335 1203 399 uel

190 425 302 489 fabam
329 423 382 488 uel
411 445 524 488 eruum
553 445 649 508 saepe
677 427 880 491 consumant.
925 423 1065 509 triginta
1096 428 1202 490 autem

191 512 351 580 columbis
379 512 568 578 uolantibus
596 511 704 577 diurni
736 517 803 577 trcs
838 512 971 577 sextarii
1003 510 1107 577 tritici
1139 512 1202 578 suf·

189 602 301 668 ficient
329 605 386 666 aut
414 605 576 686 creturae,
602 600 652 665 ita
674 606 712 666 ut
735 623 849 666 eruum
871 601 958 666 fetus
984 599 1092 686 gratia
1118 624 1203 669 men·

191 691 282 756 sibus
309 690 523 775 praebeamus
553 689 708 754 hibernis.
756 693 848 755 rutae
878 690 1022 755 ramulos
1052 690 1200 774 plurimis
1230 721 1240 758 ⁵

189 781 271 846 locis
295 783 427 864 oportet
450 783 564 845 contra
588 777 745 844 animalia
767 779 900 846 inimica
924 780 1127 864 suspendere.

510 1009 571 1075 Du
595 1009 887 1078 TVRTVRIBVS.

131 1135 230 1201 XXV
299 1133 363 1201 Sed
382 1135 574 1200 columbarii
594 1135 693 1201 cellae
708 1134 771 1202 duo
789 1135 936 1200 subiecta
950 1135 1100 1200 cubicula
1113 1136 1202 1221 fiant,

188 1247 290 1291 unum
314 1225 412 1289 breue
437 1228 469 1288 et
491 1246 593 1308 prope
618 1224 805 1305 obscurum,
833 1244 897 1307 quo
926 1227 1071 1288 turtures
1096 1225 1201 1290 claudi

188 1315 330 1399 possint,
359 1334 441 1397 quos
468 1313 594 1378 nutrire
622 1311 814 1378 facillimum
843 1317 902 1377 est.
943 1335 1019 1376 nam
1043 1313 1129 1378 nihil
1151 1337 1241 1380 err-10

188 1407 314 1487 petunt,
336 1401 402 1467 nisi
425 1406 462 1467 ut
486 1405 620 1486 aestate,
643 1424 707 1487 qua
728 1402 799 1466 sola
818 1400 957 1466 maxime
976 1402 1201 1487 pinguescunt,

188 1492 337 1557 triticum
367 1490 419 1557 uel
447 1489 575 1556 milium
604 1493 710 1556 mulsa
738 1494 939 1556 maceratum
966 1513 1094 1576 semper
1122 1493 1202 1559 acci-

188 1581 289 1665 piant.
328 1579 491 1646 semodius
515 1602 598 1646 unus
622 1580 756 1644 diurnus
780 1583 911 1645 centum
929 1578 1049 1665 viginti
1068 1582 1202 1648 turturi-

187 1671 250 1736 bus
274 1668 404 1734 sufficit.
443 1690 528 1753 aqua
551 1691 628 1734 sane
652 1668 698 1734 eis
722 1668 909 1754 frequenter
933 1669 1084 1734 mundior
1105 1671 1202 1738 debet
1265 1691 1266 1714 ¹

188 1758 306 1824 offerri
1218 1786 1242 1824 1⁵

566 1899 626 1965 Du
650 1897 824 1965 TVRDIS.

133 2025 246 2092 XXVI
314 2024 414 2090 Aliud
441 2045 519 2089 uero
548 2025 733 2090 cubiculum
760 2025 874 2090 turdos
906 2024 1039 2090 nutriat.
1087 2026 1143 2110 qui
1175 2027 1202 2092 si

186 2113 293 2180 alieno
317 2118 463 2198 tempore
488 2114 692 2199 saginentur,
721 2118 754 2178 et
778 2114 984 2198 uoluptatem
1008 2114 1074 2179 cibi
1097 2120 1132 2180 et
1155 2139 1204 2182 re·

187 2205 293 2271 ditum
317 2203 494 2269 maximum
517 2206 687 2287 praestant
712 2203 867 2288 parelleli
890 2202 1083 2268 beneficium
1108 2204 1204 2270 mini·

163 2289 313 2357 'strante
341 2292 477 2356 luxuria.
519 2291 563 2356 sit
592 2295 702 2356 autem
730 2292 820 2357 locus
849 2291 988 2356 mundus
1014 2296 1048 2357 ct
1070 2293 1202 2359 lucidus
1219 2319 1244 2358 so

186 2384 220 2445 et
252 2381 394 2465 undique
427 2381 600 2467 lenigatus.
651 2383 857 2445 transuersae
893 2381 929 2444 in
961 2380 1025 2446 hoc
1056 2382 1204 2465 perticae

185 2470 341 2555 figuntur,
361 2470 478 2553 quibus
496 2469 625 2554 possint
643 2473 720 2552 post
737 2469 899 2535 inclusum
913 2469 1061 2534 uolatum
1079 2471 1206 2538 sedere.

139 2557 270 2624 ‘lrami
302 2558 402 2622 etiam
433 2557 554 2622 uirides
583 2580 679 2642 saepe
708 2563 883 2623 mutentur.
931 2558 1054 2624 caricae
1082 2562 1206 2626 tunsae

186 2647 299 2712 mixtis
318 2645 496 2730 pollinibus
514 2646 700 2732 largissime
716 2648 941 2731 praebeantur.
975 2648 1075 2732 myrti
1089 2649 1207 2736 etiam,

186 2736 214 2801 si
232 2735 371 2802 facultas
391 2740 451 2821 est,
473 2735 612 2820 lentisci,
636 2736 779 2819 oleastri,
798 2736 922 2821 ederae,
944 2737 1055 2802 arbuti
1075 2738 1207 2804 semina
1222 2763 1263 2824 25¹

257 2918 272 2964 2
291 2911 411 2965 herbum
429 2928 519 2966 omma
533 2917 645 2980 praeta
662 2928 676 2966 s
691 2914 695 2980 1
712 2912 908 2965 consummant
925 2911 952 2964 L
966 2913 975 2980 ΙΙ
996 2919 1011 2966 3
1032 2911 1145 2966 sectarii
1165 2915 1178 2968 i
1201 2915 1206 2987 Ι

184 2981 329 3036 sufficiunt
343 3000 366 3051 p
382 2984 393 3063 l
411 2987 428 3034 4
447 2984 593 3036 creaturae
613 2982 675 3038 GE
685 2985 707 3106 p
724 2987 739 3035 5
758 2985 822 3036 rute
840 2982 867 3036 L
883 2983 1209 3108 pratae-suspendere

182 3069 235 3108 011
251 3053 299 3124 ΕΙ
315 3053 443 3124 plumbus
461 3055 536 3124 lays
554 3057 563 3124 ΙΙ
584 3060 598 3107 7
617 3053 665 3106 DE
710 3052 921 3108 URTURARO
941 3054 972 3108 Ε
983 3054 1023 3123 ΙΙ8
1042 3071 1075 3109 cc
1088 3055 1210 3110 umbari

184 3123 391 3194 LQSTFGi,
407 3123 580 3179 columbario
595 3125 626 3178 Ε
638 3128 647 3194 ΙΙ
662 3131 695 3179 10
710 3126 828 3194 possunt
841 3123 863 3180 S
874 3127 883 3194 ΙΙ
899 3130 931 3178 11
946 3124 1068 3180 maximo
1081 3143 1133 3180 orn.
1150 3128 1183 3181 E
1199 3131 1211 3200 11

186 3201 219 3248 13
234 3194 284 3248 sed
297 3195 408 3250 modius
418 3195 482 3249 LE
497 3197 500 3266 1
517 3195 633 3250 diurnus
643 3213 693 3250 om.
705 3197 742 3265 E,
757 3195 905 3250 diuturnus
914 3197 976 3250 hob.
993 3197 1019 3250 V
1029 3198 1038 3264 ΙΙ
1054 3203 1087 3251 14
1101 3197 1148 3252 his
1162 3199 1192 3251 V

183 3263 315 3319 mundior
332 3267 396 3322 incl.
416 3284 452 3336 cp
474 3269 484 3336 ΙΙ
508 3273 540 3320 15
565 3265 645 3321 afferi
667 3268 698 3320 Ε
719 3269 728 3336 u
752 3273 785 3320 16
809 3267 909 3320 turdus
935 3267 958 3336 Q
979 3269 989 3336 l
1013 3273 1045 3322 17
1070 3285 1127 3336 qua
1148 3270 1177 3322 L

185 3342 219 3390 18
238 3337 363 3406 tempore
382 3355 432 3392 om.
448 3339 491 3409 Vl
508 3336 685 3392 uoluntatem
703 3339 766 3392 LF
784 3345 787 3402 Ι
809 3337 904 3392 cibum
922 3341 952 3393 et
968 3338 1124 3394 remedium
1145 3342 1179 3396 E

183 3414 219 3462 20
238 3407 271 3461 fit
289 3407 389 3462 Lusa
404 3409 408 3478 Ι
424 3409 545 3462 mundus
564 3412 593 3463 et
610 3408 718 3464 nitidus
738 3412 767 3463 et
785 3408 895 3462 lucidus
914 3409 946 3478 S,
970 3410 1091 3464 mundus
1110 3413 1141 3464 et
1161 3413 1212 3466 ni-

183 3479 262 3533 tidus
281 3477 391 3533 lucidus
406 3479 436 3532 Ε
448 3485 456 3546 n
471 3486 503 3532 21
524 3479 648 3548 perticae
667 3480 713 3534 uel
731 3479 856 3550 porticus
871 3482 964 3551 171121
984 3482 1108 3552 figantur
1122 3483 1187 3537 VT
1202 3487 1214 3557 11

188 3557 224 3604 ‘24
243 3548 425 3619 largitissime
447 3551 473 3604 G
489 3554 492 3620 Ι
509 3549 586 3603 mirti
605 3552 631 3605 V
642 3554 651 3620 ΙΙ
665 3557 699 3605 25
719 3551 826 3610 arbusti
844 3552 875 3605 Ε
