2538 3942
195 225 261 291 196
616 221 787 277 PALLADE

196 373 254 435 aut
272 368 431 435 fictilibus
449 368 548 433 tubis.
580 367 609 432 si
627 389 685 452 per
702 367 843 432 formam
857 368 998 451 ducetur,
1016 363 1183 433 solidandus

197 462 248 523 est
281 458 418 542 canalis,
449 479 490 522 ne
522 478 582 541 per
612 457 712 520 rimus
740 477 830 542 aqua·
850 457 957 541 possit
983 455 1078 521 elabi:
1108 453 1184 519 cuius
1242 455 1243 532 1

196 545 388 633 magnitudo
415 567 476 630 pro
505 567 607 630 equae
635 566 787 610 mensura
814 545 961 611 facienda
987 549 1046 610 est.
1089 541 1185 625 siper
1241 569 1243 638 1

196 635 331 721 planum
363 635 488 720 ueniet,
519 635 605 700 inter
638 637 791 700 centenos
822 634 874 699 uel
903 655 1078 720 sexagenos
1104 630 1185 716 pedes
1242 687 1243 698 ,

197 724 318 789 sensim
337 723 513 790 reclinetur
532 726 697 789 structura
715 721 947 808 sesquipedem,
965 727 1003 788 ut
1019 723 1085 788 uim
1098 718 1186 805 possit
1204 739 1211 778 s

149 814 170 880 2
198 813 319 878 bebere
347 813 505 878 currendi.
551 812 578 877 si
609 811 665 895 qui
692 833 787 877 mons
809 811 997 877 interiectus
1021 806 1186 887 occurrerit,

198 906 256 967 eut
278 924 339 986 per
360 901 465 966 latere
488 901 558 966 eius
581 922 699 984 equum
722 901 875 965 ducemus
899 900 1066 985 obliquum
1087 895 1186 964 autad

198 1013 301 1075 aquae
325 993 425 1074 caput
448 989 618 1074 speluncas
641 989 844 1074 librabimus,
865 1011 924 1074 per
944 1011 1024 1074 quas
1043 989 1187 1054 structura

197 1079 378 1164 perueniat.
415 1077 471 1143 sed
490 1078 519 1143 si
538 1100 572 1143 se
591 1078 688 1143 uallis
707 1079 891 1160 interserat,
910 1081 1033 1143 erectas
1051 1077 1131 1163 pilos
1146 1073 1187 1138 uel

198 1190 293 1233 arcus
316 1188 420 1251 usque
443 1167 484 1231 ad
507 1188 609 1251 aquae
631 1167 721 1233 iusta
743 1167 884 1252 uestigia
907 1170 1128 1232 construemus
1144 1165 1213 1226 auto

198 1256 361 1342 plumbeis
391 1255 510 1320 fistulis
533 1255 677 1321 clausam
700 1256 782 1321 deici
804 1258 967 1341 patiemur
990 1260 1024 1320 et
1046 1253 1189 1338 explicate

195 1345 283 1409 ualle
307 1364 511 1430 consurgere.
557 1345 626 1429 sed,
658 1345 745 1428 quod
768 1348 818 1410 est
841 1343 1004 1410 salubrius
1028 1348 1062 1409 et
1085 1341 1188 1416 utilius,

196 1432 355 1498 fictilibus
378 1433 467 1498 tubis
491 1455 565 1498 cum
588 1432 730 1518 ducitur,
758 1433 885 1500 duobus
913 1432 1027 1519 digitis
1051 1431 1147 1498 crassi
1165 1431 1189 1492 et

198 1542 237 1585 ex
260 1543 326 1586 uua
348 1525 442 1605 purte
461 1522 638 1587 reddentur
657 1521 797 1609 angusti,
820 1527 858 1586 ut
875 1521 978 1607 palmi
996 1521 1103 1606 spatio
1121 1537 1187 1584 unus

196 1610 232 1674 in
260 1610 399 1674 alterum
426 1610 534 1694 possit
560 1611 698 1675 intrare:
726 1633 807 1696 quas
830 1611 997 1676 iuncturas
1020 1610 1099 1675 uiua
1119 1607 1188 1674 calce
1198 1625 1212 1664 1⁵

152 1700 173 1764 3
197 1697 268 1764 oleo
283 1697 421 1763 subacto
434 1698 587 1764 debemus
601 1700 745 1765 inlinere.
776 1700 830 1764 sed
846 1703 1020 1784 antequam
1033 1699 1087 1764 his
1101 1715 1186 1782 aquae

197 1809 309 1853 cursus
329 1786 523 1872 admittitur,
541 1788 656 1854 fauilla
673 1811 731 1874 per
750 1810 805 1853 eos
825 1790 929 1852 mixta
947 1789 1063 1873 exiguo
1078 1787 1187 1871 liquore

197 1877 356 1961 decurrat,
377 1880 416 1940 ut
438 1875 601 1961 glutinare
624 1877 739 1961 possit,
762 1877 791 1942 si
815 1899 878 1962 qua
902 1881 979 1942 sunt
1000 1876 1084 1940 uitia
1106 1875 1187 1940 tubu-

195 1964 311 2031 lorum.
342 1964 460 2029 ultima
477 1967 562 2031 ratio
581 1970 632 2030 est
649 1966 810 2050 plumbeis
828 1965 949 2030 fistulis
968 1965 1096 2031 ducere:
1120 1981 1186 2048 quae

196 2076 298 2138 aquus
324 2052 438 2118 noxias
466 2054 612 2119 reddunt.
656 2077 733 2119 narn
761 2075 890 2120 cerussa
917 2053 1050 2140 plumbo
1077 2055 1212 2120 creature

196 2142 331 2227 adtrito,
359 2162 441 2227 quae
464 2143 654 2227 corporibus
677 2143 807 2208 nocebit
830 2143 990 2208 humenis.
1036 2138 1187 2228 diligentis

125 2303 128 2308 ,
196 2232 260 2297 erit
291 2253 448 2316 aquarum
479 2232 683 2316 receptaculo
714 2232 886 2318 fabricari,
920 2237 959 2296 ut
995 2232 1122 2316 copiam
1143 2226 1190 2293 uel

198 2320 293 2406 inops
316 2342 401 2385 uene
423 2325 585 2405 procuret.

270 2517 284 2564 1
304 2509 418 2566 fletibus
438 2511 501 2566 PV
519 2516 528 2584 11
550 2519 566 2566 2
585 2512 675 2594 possit
693 2529 768 2581 aque.
786 2513 818 2566 E
837 2515 847 2583 11
868 2518 886 2566 4
908 2529 1061 2583 sexagenos
1080 2511 1126 2567 uel
1142 2523 1191 2563 ceu·
1240 2549 1241 2556 ,

198 2585 279 2637 tenos
298 2599 357 2652 acy
384 2585 394 2652 11
421 2581 486 2637 tin
505 2585 663 2654 sesqmdem
684 2585 793 2655 Gucps
819 2586 829 2654 11
856 2590 872 2637 6
896 2583 958 2654 quis
975 2585 1085 2655 Eiacp
1111 2585 1120 2653 1
1145 2594 1191 2633 suc·
1240 2605 1241 2610 1

199 2651 317 2707 currerit
335 2653 508 2724 Pnoups
529 2655 565 2708 ad
583 2673 633 2710 om.
650 2656 729 2725 6118
747 2654 778 2708 in
798 2654 945 2725 speluncas
961 2655 988 2710 θ
1003 2658 1006 2724 1
1022 2670 1073 2725 per
1090 2666 1191 2725 quarum

199 2726 369 2778 structuram
388 2741 466 2795 cepe
478 2727 488 2796 11
510 2732 526 2780 9
546 2727 696 2781 conueniat
714 2728 745 2797 11
767 2742 796 2780 se
814 2743 865 2781 om.
887 2727 913 2781 G
928 2731 932 2796 1
947 2725 1067 2781 intersit.
1100 2724 1191 2779 erectos

199 2795 272 2866 pilos
292 2794 318 2848 V
341 2797 351 2865 11
380 2801 413 2849 10
433 2811 628 2853 conseruemus
647 2799 678 2852 E
697 2800 707 2868 11
730 2799 937 2869 1161011111
961 2802 994 2850 13
1018 2796 1042 2850 si
1060 2796 1115 2851 fiet.
1134 2789 1191 2858 E¹l

200 2865 367 2922 conducitur
385 2867 438 2936 Ep
451 2869 461 2937 11
476 2872 510 2922 14
529 2869 643 2939 acutip
664 2875 674 2937 11
698 2875 731 2923 16
755 2867 873 2923 subacto
892 2869 935 2939 Vl
951 2867 1056 2922 illinire
1075 2859 1193 2923 S¹TEG

199 2940 293 3010 coepe
309 2942 313 3008 1
329 2937 359 2993 in
377 2937 413 2992 iis
431 2955 521 3020 appe,
540 2939 565 2993 is
583 2942 595 2995 i
617 2943 627 3010 11
649 2946 682 2994 17
703 2938 872 3021 admittetur
889 2939 1048 3010 EGe'acps
1068 2940 1072 3010 1
1093 2953 1141 3007 per
1157 2948 1192 2988 eos

200 3011 609 3148 ttlrdbffntltld
623 3010 1121 3154 „prpnpgmpprffi
1140 3005 1192 3131 p.

200 3154 235 3202 20
264 3167 374 3206 cerossu
402 3153 506 3222 PLF,
536 3169 649 3208 caerose
677 3154 712 3224 V,
745 3168 843 3207 cerusa
869 3154 995 3223 Eiacpe
1021 3155 1030 3223 11
1063 3157 1093 3206 21
1126 3145 1194 3204 nocet

199 3237 276 3291 aeos
