2556 3942
462 224 580 280 AGRIO.
595 226 609 279 I
622 231 727 281 30-33

1047 377 1057 414 t

215 494 273 560 DE
298 494 468 580 unnim,
490 493 731 581 PALEARIO,
752 493 980 563 LIGNARIO.

153 639 246 722 Feni,
267 639 443 722 palearum,
462 638 553 723 ligni,
573 660 749 704 cannarum
767 639 983 723 repositiones
1028 639 1156 705 XXXII

79 727 133 793 nil
158 727 274 812 refert,
301 727 335 791 in
359 749 423 812 qus
445 733 555 812 parte,
582 727 756 792 dummodo
785 730 889 792 siccae
913 729 979 793 sint
1003 733 1101 814 utque

79 816 273 902 perflabiles
293 820 326 881 et
344 817 442 901 longe
462 821 691 886 remcueuntur
710 839 729 880 a
746 815 827 880 uilla
839 821 976 901 propter
990 840 1103 884 casum

46 934 63 974 s
80 905 302 990 subripientis
324 905 474 971 incendii.

408 1205 468 1271 DE
495 1203 782 1272 STERGVLINO.

156 1346 346 1413 Stercorum
378 1349 546 1435 congestio
578 1349 688 1415 locum
721 1371 816 1413 suum
848 1353 959 1415 tenere
1011 1349 1154 1416 XXXIII

82 1438 236 1516 debebit,
270 1438 325 1522 qui
357 1438 500 1502 abundet
528 1459 641 1503 umore
670 1442 703 1502 et
729 1441 864 1522 propter
892 1439 1000 1503 odoris
1028 1440 1102 1504 hor-

82 1527 189 1592 renda
208 1547 227 1590 a
245 1525 402 1610 praetorii
421 1530 631 1592 concertatur
649 1530 790 1611 aspectu.
824 1549 920 1592 umor
934 1528 1101 1593 abundans

38 1617 152 1684 1ohoc
180 1615 363 1699 praestabit
391 1616 541 1699 stercori,
568 1622 618 1700 ut,
646 1615 675 1680 si
702 1637 767 1699 quc
793 1615 906 1680 insunt
934 1617 1100 1700 spinarum

84 1702 228 1786 semina,
264 1704 452 1787 putrefiant.
499 1708 624 1769 stereus
662 1701 829 1769 asinorum
865 1704 1006 1789 primunr
1043 1709 1101 1788 est,

83 1792 229 1859 maxime
257 1793 378 1857 hortis:
406 1793 480 1857 dein
509 1792 645 1858 ouillum
673 1797 707 1857 et
733 1793 901 1876 caprinum
925 1799 958 1859 et
980 1794 1100 1858 iumen·

59 1889 214 1947 ¹torum:
233 1881 402 1965 porcinum
421 1903 499 1946 uero
518 1882 705 1965 pessimum.
743 1883 866 1947 cineres
886 1884 1012 1967 optimi.
1046 1885 1102 1949 sed

85 1969 313 2036 columbinum
336 1969 591 2036 feruidissimum
615 1975 860 2054 ceterarumque
886 1973 995 2036 auium
1021 1973 1102 2037 satis

41 2091 67 2128 15
85 2058 171 2125 utile
194 2063 329 2142 excepto
352 2060 557 2144 palustrium.
595 2063 734 2144 stercus,
758 2061 844 2143 quod
868 2082 953 2125 anno
977 2062 1145 2144 requio-2

84 2149 185 2232 uerit,
206 2148 370 2232 segetibus
389 2148 469 2212 utile
489 2152 617 2213 estnec
636 2147 754 2212 herbas
773 2153 876 2213 creat:
895 2148 923 2212 si
937 2149 1101 2213 uetustius

86 2239 143 2321 sit,
168 2237 275 2301 minus
296 2236 449 2320 proderit.
486 2236 589 2321 pratis
608 2258 686 2302 uero
706 2237 849 2302 recentia
867 2240 1012 2302 stercore
1029 2259 1103 2322 pro-

84 2327 200 2391 ficient
228 2325 268 2390 ad
296 2325 377 2390 uber
403 2324 587 2391 herborum.
632 2330 667 2390 et
692 2326 792 2390 muris
815 2330 1046 2411 purgamenta,
1074 2327 1102 2389 si

85 2414 184 2498 aquis
212 2413 360 2478 dulcibus
394 2414 556 2499 eluuntur,
590 2417 693 2480 mixto
724 2414 859 2498 reliquis
887 2415 992 2481 uicem
1022 2421 1102 2479 ster-

40 2535 69 2572 20
86 2503 175 2569 coris
199 2502 399 2568 exhibebunt
422 2508 456 2568 et
478 2503 590 2587 limus,
615 2525 711 2588 quem
735 2502 916 2568 scaturiens
940 2525 1024 2588 equs
1048 2505 1101 2569 uel

86 2591 183 2656 fluuii
205 2591 407 2658 incrementa
430 2591 623 2676 respuerint.

163 2808 176 2854 1
196 2801 238 2854 De
261 2800 387 2870 pulsorio
411 2804 440 2855 et
462 2800 584 2872 lignario
603 2802 685 2855 etde
705 2800 881 2869 sterquilinio
899 2803 931 2855 Ε
950 2805 960 2871 ΙΙ
988 2809 1003 2855 2
1023 2817 1104 2871 repo-

85 2872 182 2954 siones
200 2872 273 2953 nihil
291 2872 317 2925 L
331 2875 369 2941 113
388 2876 471 2954 parte
489 2873 559 2926 fiant
577 2873 671 2940 Fra,
689 2875 771 2942 parte
791 2873 873 2944 [fiant
903 2891 957 2944 ops
975 2876 984 2943 ΙΙ
1003 2878 1018 2926 5
1038 2873 1103 2926 sub-

85 2943 1039 3096 glilffillhllllblsdbhelledblSsteTrtiirilinibEElTIldllbterqiiiliirioVi‚
1054 2944 1102 3069 illle:

84 3085 268 3155 sterqurlrnro
287 3103 324 3140 oo
346 3088 355 3155 ΙΙ
378 3092 393 3140 ‘1
414 3085 658 3155 Stcrthmorum
676 3087 707 3139 E
723 3088 732 3155 ll
755 3091 771 3139 8
790 3086 905 3140 foetoris
924 3103 943 3139 a
960 3088 969 3156 ll
988 3092 1003 3139 9
1022 3103 1103 3156 prue-

83 3157 161 3212 torio
180 3158 208 3211 L
263 3159 295 3210 ut
318 3157 341 3210 si
364 3173 421 3224 quc
443 3157 474 3210 in
496 3160 560 3226 (pro
583 3159 774 3226 concertatur)
788 3158 829 3225 E,
854 3159 998 3210 auertutur
1021 3176 1075 3228 cys
1093 3158 1103 3231 ll

86 3235 121 3284 10
135 3230 209 3282 hoec
252 3229 285 3282 in
297 3235 381 3296 tectu,
396 3227 442 3282 uel
455 3228 509 3283 hoc
522 3230 554 3282 ic
568 3230 694 3309 scorpios
704 3231 713 3298 ll
729 3235 761 3281 12
777 3227 843 3281 dein
852 3227 937 3280 boum
947 3228 978 3309 Is,
993 3229 1102 3284 Deinde

85 3300 185 3354 ouium
205 3302 235 3353 ct
254 3315 400 3368 caprarum
418 3300 449 3353 Ε
461 3302 470 3369 ΙΙ
485 3305 519 3353 14
537 3299 774 3353 feruentrssrmum
792 3299 823 3352 E
839 3300 848 3369 ll
873 3305 905 3352 15
924 3299 995 3353 utile
1014 3303 1058 3354 ost
1076 3318 1102 3369 a,

84 3371 158 3425 utile
182 3371 250 3442 [cst]
274 3389 328 3441 ops
352 3373 356 3440 Ι
381 3370 539 3440 planstrum
557 3371 584 3425 L
638 3369 821 3439 requicuitQ
846 3372 850 3438 1
876 3369 944 3424 sutis
968 3370 1038 3424 utile
1053 3389 1076 3440 p
1094 3371 1103 3442 ll

86 3449 120 3497 16
136 3444 217 3497 creat
231 3442 332 3496 herbas
343 3442 371 3511 S,
387 3444 464 3496 curet
477 3441 572 3496 herbis
624 3445 633 3511 ΙΙ
649 3448 680 3494 17
696 3441 882 3511 proderuntp
895 3443 904 3510 ll
919 3447 952 3495 18
967 3441 1057 3495 hubcr
1066 3441 1103 3509 F,

82 3514 270 3568 hubertctom
288 3514 318 3566 Ε
339 3515 348 3583 ΙΙ
372 3519 404 3567 19
425 3512 528 3581 uliquis
547 3512 676 3566 dulcibus
696 3512 843 3566 eleuantur
860 3512 920 3567 LG
947 3521 952 3580 Ι
977 3515 1104 3580 sterque-

82 3585 124 3638 ris
144 3585 177 3639 Ε
189 3587 199 3654 ΙΙ
214 3589 248 3639 20
268 3583 406 3638 saturiens
428 3585 451 3655 Q

140 3686 286 3725 Prnnrmvs
300 3685 335 3725 cd.
344 3683 476 3725 schmitt.
927 3677 942 3724 3
