2524 3946
136 193 201 258 136
557 194 726 250 PALuAnn

137 339 246 405 binthi
275 341 326 404 uel
353 340 482 406 lentisci
509 342 628 407 taleam
657 363 731 406 cum
758 340 881 425 plantis
904 341 958 407 fici
981 343 1151 408 cacumine

137 451 295 513 ponemus
319 429 458 494 inuerso.
493 429 621 496 uncinis
645 430 748 494 aereis
767 429 903 494 tollendi
923 433 999 497 sunt
1017 453 1149 497 uermes

139 540 179 582 ex
198 518 268 582 fico.
299 518 355 582 alii
374 541 550 605 amurcam,
568 519 625 583 alii
643 522 787 583 ueterem
801 518 929 584 urinam
945 520 1151 605 ablaqueatis

139 606 303 672 radicibus
331 607 477 672 miscent.
523 608 580 672 alii
603 608 751 672 bitumen
774 613 808 672 et
831 609 940 673 oleum
964 613 1020 673 aut
1044 609 1151 674 solam

139 696 261 761 calcem
288 696 399 760 uiuam
426 695 561 761 latebris
589 697 749 761 uermium
776 695 893 760 linunt.
938 697 967 761 si
994 697 1153 764 formicae
1188 727 1198 764 ε

138 785 296 849 molestae
323 791 413 869 sunt,
440 785 569 850 rubrica
597 786 718 870 butyro
746 789 779 849 et
805 785 876 870 pice
899 784 1025 868 liquida
1047 787 1154 851 mixta

139 873 225 939 circa
252 878 404 939 truncum
435 874 530 939 debet
558 873 675 938 induci.
722 874 778 938 alii
811 875 996 939 coracinum
1027 875 1155 958 piscem

140 966 255 1028 contra
286 961 440 1027 formicas
473 963 508 1026 in
540 964 655 1028 arbore
689 963 948 1047 suspendendum
977 986 1048 1028 esse
1076 986 1154 1029 con-

84 1051 281 1118 30firmant.
327 1052 356 1115 si
387 1051 512 1116 fructus
545 1073 621 1117 suos
654 1051 745 1116 uelut
778 1072 876 1136 aegra
907 1052 1060 1138 proiciat,
1093 1053 1156 1117 alii

139 1139 269 1204 rubrica
288 1145 346 1204 aut
364 1162 495 1205 amurca
513 1140 638 1204 insulsa
654 1141 757 1205 mixta
776 1161 860 1224 aqua
879 1141 1028 1204 arborem
1042 1141 1157 1206 linunt
1169 1167 1197 1206 ro

139 1230 193 1294 uel
222 1250 374 1294 cancrum
401 1228 566 1294 duuialem
595 1251 669 1295 cum
701 1250 792 1293 ramo
825 1233 917 1292 rutae
948 1231 1159 1313 suspendunt

117 1318 193 1390 ,uel
222 1318 330 1402 algam
359 1318 516 1382 marinam
545 1318 597 1383 uel
620 1317 743 1382 fascem
761 1317 947 1401 lupinorum
971 1319 1024 1382 uel
1047 1320 1154 1385 radici

139 1407 324 1471 terebratae
353 1429 489 1472 cuneum
516 1407 623 1492 figunt
651 1406 703 1471 uel
732 1405 836 1471 securi
864 1405 989 1472 arboris
1023 1407 1153 1472 corium

140 1517 236 1579 saepe
259 1494 482 1578 proscindunt.
519 1517 592 1560 cum
612 1494 693 1560 folia
711 1495 887 1578 producere
906 1494 1068 1580 incipiunt
1087 1497 1155 1582 fici,

139 1589 177 1649 ut
205 1585 345 1648 multum
373 1583 516 1648 fructum
545 1588 577 1648 et
599 1585 754 1669 pinguem
776 1582 897 1665 ferant,
925 1585 960 1648 in
987 1585 1152 1670 principio
1169 1611 1198 1652 1⁵

140 1671 296 1758 germinis
321 1674 487 1737 cacumina
512 1694 638 1737 summa
662 1672 842 1737 decutimus
865 1673 918 1738 uel
939 1673 1002 1738 hoc
1019 1677 1152 1739 tantum

86 1764 127 1828 31
141 1783 304 1845 cacumen,
328 1761 413 1845 quod
437 1784 476 1826 ex
500 1762 626 1826 arboris
650 1761 823 1826 medietate
844 1762 1000 1846 procedit.
1037 1763 1064 1826 si
1085 1786 1153 1828 ma-

138 1855 247 1915 turam
270 1850 368 1914 ficum
391 1850 442 1914 uis
466 1851 643 1914 serotinam
666 1849 781 1930 facere,
804 1851 997 1934 incipientes
1016 1871 1153 1935 grossos

139 1940 266 2022 decute,
300 1961 373 2003 cum
405 1937 471 2003 illis
502 1939 597 2003 fabae
630 1938 729 2003 fuerit
757 1939 957 2024 magnitudo,
1002 1945 1040 2003 ut
1067 1941 1152 2006 ficus

140 2029 205 2093 cito
229 2032 381 2109 maturet,
405 2049 482 2092 suco
507 2050 603 2111 cepae
624 2028 783 2113 longioris
802 2050 876 2093 cum
895 2029 966 2093 oleo
986 2033 1019 2092 et
1037 2029 1153 2112 pipere
1170 2057 1201 2095 so

140 2117 253 2182 mixto
266 2137 351 2202 unge
374 2137 481 2200 poma,
505 2117 633 2201 quando
658 2117 765 2202 grossi
782 2117 944 2201 incipiunt
962 2117 1153 2184 subrubere.

140 2206 235 2291 aprili
263 2227 373 2270 mense
400 2206 498 2270 ficum
526 2206 680 2270 debemus
706 2206 849 2270 inserere
876 2206 962 2270 inter
994 2207 1155 2272 corticem

138 2296 202 2378 uel,
225 2295 253 2359 si
276 2295 425 2359 nouellae
449 2295 581 2359 arbores
602 2299 687 2372 sunt,
709 2294 787 2359 fisso
806 2295 906 2379 ligno,
930 2294 1016 2378 quod
1035 2297 1154 2360 statim

85 2386 130 2450 32
141 2383 350 2469 operiendum
364 2388 413 2448 est
428 2388 461 2448 et
475 2383 652 2468 ligandum,
669 2404 709 2446 ne
724 2388 842 2448 uentus
856 2385 1005 2448 introeat.
1033 2385 1155 2449 melius

140 2471 420 2556 conprehendam,
448 2473 475 2536 si
504 2473 590 2536 circa
616 2476 738 2536 terram
765 2472 867 2536 recisa
893 2473 1078 2536 inserantur
1104 2495 1156 2536 ar·
1172 2501 1203 2541 aa

140 2562 246 2625 busta.
278 2559 378 2643 aliqui
397 2563 430 2624 et
448 2561 538 2624 iunio
556 2582 666 2625 mense
686 2561 843 2625 inserunt.
875 2562 1023 2625 surculus
1038 2561 1156 2646 legen-

140 2649 200 2713 dus
225 2652 275 2713 est
298 2648 479 2714 anniculus:
507 2649 633 2714 inutilis
662 2649 748 2713 enim
775 2649 916 2714 creditur
939 2648 1070 2714 maioris
1096 2653 1155 2715 uel

139 2737 275 2802 minoris
291 2736 417 2801 aetatis.
441 2737 600 2802 inoculari
614 2739 695 2803 ficus
707 2737 789 2802 locis
804 2738 898 2803 siccis
913 2738 1018 2823 aprili,
1032 2739 1155 2804 melius

212 2919 225 2965 1
247 2909 393 2966 cacumina
412 2911 536 2982 PLQV
558 2915 567 2983 11
596 2911 705 2965 aceris
723 2914 750 2967 L
772 2913 776 2984 1
797 2928 905 2966 uermes
924 2928 974 2966 orn.
992 2912 1018 2966 G
1043 2914 1053 2982 11
1080 2917 1160 2968 3ex

139 2983 194 3038 ficu
213 2984 290 3055 8Ε1
316 2982 531 3051 allaqueatisG
558 2987 567 3054 11
594 2981 749 3036 4uitimen
768 2984 920 3052 PLQGT
940 2983 946 3063 1
972 2983 1074 3036 soleem
1095 2984 1127 3037 E
1147 2987 1160 3058 11

139 3053 279 3108 bliniunt
297 3055 415 3126 SEc'cy,
435 3053 557 3109 allinunt
573 3072 587 3109 s
605 3057 613 3123 11
637 3060 653 3108 6
673 3057 739 3108 sunt
756 3055 852 3108 om.E
866 3057 870 3123 1
886 3055 980 3108 but1ro
999 3053 1021 3109 S
1040 3056 1049 3123 11
1073 3059 1089 3107 7
1109 3055 1160 3108 in-

140 3124 245 3179 cludis¹
270 3127 274 3195 1
300 3125 440 3180 coracium
458 3127 489 3179 E
514 3129 523 3196 11
550 3124 705 3194 9pr0iciet
724 3141 813 3180 omncs
827 3132 938 3194 praeter
955 3126 986 3179 Ε
1011 3126 1019 3195 11
1048 3130 1080 3177 10
1102 3131 1161 3184 aut

139 3195 252 3250 rubrica
270 3198 297 3251 L
313 3203 316 3262 1
332 3196 437 3250 liniunt
455 3197 588 3266 SEiocp
601 3198 610 3266 11
625 3202 658 3249 12
677 3195 779 3250 falcem
797 3197 828 3249 Ε
839 3199 849 3266 11
863 3203 896 3250 14
918 3211 1003 3266 sapae
1023 3195 1067 3266 G!
1085 3214 1158 3266 pro-

140 3267 239 3322 cedere
266 3268 308 3334 Ε,
340 3267 481 3338 incipiunt
506 3267 659 3337 producere
687 3285 746 3338 aop
777 3270 786 3337 11
818 3272 851 3322 15
879 3267 1002 3321 fructum
1027 3266 1159 3324 multum

142 3338 266 3408 Giacps
279 3340 288 3406 11
303 3343 336 3390 16
355 3340 467 3392 tantum
482 3339 536 3391 hoc
549 3339 580 3391 E
594 3341 598 3405 1
614 3337 686 3391 illud
696 3355 750 3407 pro
763 3339 817 3392 hoc
831 3355 908 3409 ocys
920 3340 929 3409 11
944 3344 977 3393 18
997 3336 1159 3396 serotinam

140 3427 189 3465 om.
201 3410 232 3463 E
243 3411 253 3478 11
268 3413 299 3461 19
319 3407 405 3462 fuerit
418 3427 467 3464 om.
478 3411 509 3463 Ε
520 3411 530 3478 11
544 3414 578 3461 20
593 3425 677 3478 coepe
687 3409 714 3462 V
723 3411 733 3478 11
747 3416 780 3463 21
796 3410 927 3464 subruere
937 3411 968 3463 Ε
979 3412 989 3480 11
1003 3415 1036 3463 23
1051 3410 1160 3468 statim

140 3478 557 3620 tldllttattltmal
568 3479 1081 3622 intramuraneam
1096 3500 1138 3551 ²²⁷
1138 3503 1161 3540 ⁰
