2524 3946
159 207 222 270 124
578 205 748 260 PALLADII

157 375 277 438 aquam
295 353 330 416 in
347 353 476 436 patenti
494 353 628 419 uasculo
648 353 708 416 suh
728 351 775 415 eia
791 373 894 435 ponas
909 353 1035 418 duobus
1050 353 1169 438 palmis

127 441 355 526 8inferiorern‚
378 442 418 506 ad
442 464 539 526 quam
562 441 746 505 festinando
770 441 853 504 tales
872 440 1063 506 efficientur.
1100 441 1169 507 sine

157 530 280 596 semine
303 535 488 610 nascentur,
512 531 541 595 si
563 530 654 614 prius
678 551 790 594 eorum
814 530 939 595 semina
963 530 1034 596 oleo
1054 532 1169 597 sabino

157 623 380 705 perungantur
412 624 446 684 et
478 620 579 684 herba
607 641 658 701 ea,
691 639 773 701 quae
801 618 894 683 culex
922 619 1055 699 dicitur,
1086 621 1170 685 trita

157 707 383 774 confricantur.
431 707 532 792 aliqui
560 708 674 774 florem
703 709 883 772 cucumeris
912 730 985 773 cum
1012 707 1209 778 uiticulaec

157 819 233 863 uuae
261 797 368 881 capite
398 819 517 862 cannae
545 796 707 878 inserunt,
736 796 787 860 cui
815 796 906 880 prius
930 818 1042 862 ornnes
1064 799 1170 864 nodos

155 885 408 971 perlorauerint:
436 886 483 950 ibi
511 886 656 950 cucumis
680 885 826 949 nascitur
849 885 884 950 in
906 884 1041 950 nimiam
1065 888 1171 973 longi-

156 976 302 1040 tudinem
325 979 448 1040 tensus.
485 975 593 1038 oleum
617 974 664 1039 sic
683 974 810 1057 metuit,
829 977 875 1057 ut,
899 974 927 1038 si
945 974 1038 1038 iuxta
1055 998 1172 1060 posue·

155 1067 210 1144 ris,
229 1065 320 1128 uelut
338 1064 454 1128 hamus
472 1063 620 1147 plicetur.
654 1062 804 1146 quotiens
823 1066 927 1144 tonat,
945 1065 1037 1128 uelut
1051 1065 1171 1129 timore

126 1154 368 1218 9conuertitur.
413 1153 441 1217 si
465 1153 534 1216 eius
557 1152 685 1235 florem,
710 1152 794 1217 sicut
817 1152 852 1215 in
874 1152 941 1216 uite
966 1173 1024 1216 sua
1048 1157 1112 1238 est,
1135 1153 1172 1218 in
1185 1180 1214 1220 ro

156 1241 263 1308 forma
281 1242 375 1306 fictili
396 1241 549 1306 clauseris
570 1263 607 1305 ac
626 1240 749 1325 ligaris,
769 1241 899 1324 qualem
917 1241 1045 1305 uultum
1062 1241 1172 1307 forma

155 1331 209 1395 uel
237 1331 379 1395 hominis
408 1330 460 1394 uel
490 1329 640 1394 animalis
670 1328 835 1412 habuerit,
862 1329 964 1394 talem
988 1333 1171 1397 cucumeris

156 1420 263 1505 figura
286 1420 478 1503 praestabit.
512 1419 592 1484 haec
616 1418 724 1483 omnia
744 1416 910 1503 Gargilius
929 1417 1093 1484 Martialis
1117 1421 1173 1484 ad·
1260 1445 1261 1540 1

157 1508 268 1572 seruit.
314 1505 497 1572 Columella
519 1507 613 1592 dicit,
640 1507 712 1571 loco
744 1508 853 1589 aprico
877 1511 910 1570 et
933 1511 1117 1573 stercoroso
1144 1510 1173 1572 si
1260 1541 1261 1592 3

156 1597 255 1660 rubos
278 1596 456 1662 habeamus
480 1602 537 1660 aut
559 1595 693 1678 ferulas,
720 1601 799 1679 post
827 1597 975 1661 autumni
1000 1597 1215 1683 aequinocre
1260 1619 1261 1628 ¹

156 1687 239 1750 tium
263 1685 314 1749 his
339 1688 430 1749 iuxta
452 1689 573 1749 terram
592 1685 704 1749 recisis
724 1689 758 1749 et
776 1684 941 1749 excauatis
960 1684 1070 1770 ligneo
1091 1688 1171 1751 stilo

156 1775 241 1840 inter
256 1773 412 1839 medullas
427 1774 589 1838 laetamen
598 1773 804 1837 inmittamus
820 1777 853 1838 et
863 1775 1044 1839 cucumeris
1059 1797 1173 1840 semen

157 1863 326 1928 addamus:
349 1863 426 1928 hinc
449 1863 539 1928 nasci
561 1861 697 1944 fructus,
721 1863 777 1946 qui
799 1863 928 1946 possint
951 1867 985 1926 et
1007 1864 1095 1929 inter
1114 1863 1172 1928 fri-

105 1955 146 2018 10
157 1973 237 2038 gora
260 1973 326 2016 non
349 1951 466 2016 necari.
503 1952 565 2016 hoc
589 1973 699 2015 mense
723 1973 900 2037 asparagos
920 1973 1065 2018 seramus
1085 1953 1172 2019 circa

156 2041 276 2125 apriles
305 2040 452 2106 calendas
475 2040 592 2125 pingui
615 2040 701 2121 loco,
730 2041 854 2120 umido,
882 2041 1019 2106 subacto
1042 2043 1104 2120 ita,
1133 2046 1171 2107 ut
1184 2070 1215 2108 sc

156 2129 337 2195 minoribus
366 2128 499 2194 fossulis
529 2129 568 2193 ad
593 2129 714 2193 lineam
737 2128 869 2193 directis
892 2130 970 2195 hina
993 2133 1051 2193 aut
1074 2134 1171 2195 terna

156 2241 259 2305 grana
277 2217 451 2303 semipedis
470 2217 577 2302 spatio
597 2218 739 2282 discreta
752 2221 926 2301 ponantur.
958 2218 1075 2284 dehinc
1089 2223 1172 2284 ster-

156 2330 230 2374 core
259 2308 365 2372 solum
392 2311 527 2393 tegatur
555 2310 589 2370 et
615 2307 735 2371 herbae
764 2307 900 2371 subinde
927 2307 1093 2372 uellantur
1115 2310 1171 2373 uel

156 2420 213 2482 par
235 2395 377 2462 hiemem
400 2418 499 2479 supra
522 2395 680 2460 stramina
702 2395 864 2461 iaciantur
885 2396 992 2479 primo
1011 2418 1088 2461 uere
1105 2397 1172 2461 tol-

156 2487 260 2550 lenda.
305 2483 382 2550 hinc
405 2489 481 2569 post
505 2485 682 2549 triennium
705 2489 881 2549 nascentur
905 2485 1065 2571 asparagi.
1111 2487 1170 2550 sed
1184 2513 1213 2553 25

157 2573 338 2658 expeditior
365 2574 450 2638 ratio
481 2576 543 2651 est,
573 2572 600 2637 si
625 2594 857 2659 asparagorum
882 2573 1034 2660 sfongeas
1055 2596 1171 2659 ponas,

229 2791 243 2837 1
265 2799 339 2852 aqua
356 2784 383 2836 L
400 2785 410 2852 11
433 2789 448 2836 2
469 2782 505 2837 ad
524 2800 609 2852 quam
627 2782 788 2836 festinando
807 2799 857 2837 mn.
868 2785 911 2852 pl
931 2783 1003 2837 fiunt
1016 2802 1039 2854 p
1056 2787 1065 2854 11
1089 2791 1104 2838 3
1125 2768 1173 2840 sa·¹

156 2856 225 2938 bina
243 2855 278 2924 L,
298 2856 397 2936 sapino¹
412 2871 433 2922 p
446 2855 455 2924 11
472 2862 490 2908 4
507 2856 721 2936 perunguantur
739 2855 769 2908 E
780 2857 790 2923 11
809 2859 824 2907 5
844 2853 1013 2910 confricetur
1031 2857 1062 2910 E
1074 2859 1083 2926 11
1104 2864 1121 2910 6
1142 2861 1172 2912 et

138 2924 1103 3068 ,rrl?.ti.tt¹¹.²t.tlbfb¹¹lutl.tributali-..tt
1118 2929 1172 3068 tt}

157 3072 271 3140 perterr.
291 3071 354 3124 incl.
370 3087 409 3140 cp
435 3071 444 3138 11
473 3074 505 3121 10
528 3067 559 3120 in
584 3085 635 3121 sua
660 3067 719 3122 uite
742 3069 815 3135 edd,
840 3067 870 3120 in
893 3068 952 3121 uite
976 3071 1020 3122 est
1042 3086 1094 3123 sua
1111 3071 1146 3124 E

158 3146 190 3193 11
214 3138 347 3210 ligaueris
370 3140 529 3210 EGc‘acys
558 3141 562 3209 1
591 3139 681 3192 forma
704 3156 754 3195 om.
774 3140 805 3193 E
830 3140 839 3209 11
867 3145 900 3192 12
929 3139 1053 3194 cucumis
1080 3141 1143 3197 edu.

158 3218 190 3265 13
209 3211 328 3280 figuram
346 3213 472 3281 Eiacps
488 3213 492 3280 1
508 3209 655 3263 marciales
677 3211 703 3265 G
720 3213 729 3280 11
754 3218 787 3264 14
805 3210 867 3264 loco
886 3227 936 3264 om.
947 3228 970 3280 p
983 3214 992 3280 11
1012 3218 1044 3266 16
1063 3214 1173 3268 terram

157 3300 206 3338 om.
225 3283 251 3336 G
266 3284 270 3352 Ι
286 3281 365 3352 ligno
384 3283 414 3336 E
426 3285 436 3350 11
450 3287 483 3335 18
502 3283 620 3350 possunt
637 3282 671 3351 ill
691 3288 723 3335 19
743 3280 841 3352 negari
860 3281 1145 3351 PLQVSE¹TFi
1168 3285 1173 3358 Ι

158 3360 191 3407 20
210 3353 272 3407 loco
291 3369 341 3406 orn.
353 3370 375 3432 p
390 3355 394 3423 1
411 3352 529 3406 subacto
547 3351 656 3432 itauut
674 3368 723 3407 orn.
736 3370 758 3422 p
780 3356 790 3422 11
813 3357 845 3405 21
865 3351 895 3406 in
913 3353 979 3407 min.
991 3371 1014 3423 p
1036 3357 1045 3424 11
1068 3360 1101 3408 23
1122 3372 1161 3410 ue

157 3443 207 3480 om.
223 3425 322 3493 Ε1124
339 3423 432 3477 hreme
447 3441 500 3491 pro
517 3439 568 3492 per
586 3423 706 3477 hremem
722 3423 818 3493 [11126
836 3424 977 3493 expeditio
992 3426 1038 3496 Ρ1
1055 3442 1175 3496 aspara-

157 3513 256 3577 gorum
274 3494 366 3618 0111ὰέ
382 3494 386 3565 1
401 3492 518 3563 fongcas
533 3493 574 3562 θ’,
593 3494 712 3564 fungeas
726 3495 763 3563 E,
782 3495 912 3564 frongeas
928 3497 963 3564 Ε,
983 3513 1122 3568 spongeas
1140 3499 1174 3568 V,

158 3582 321 3636 spongiase
361 3608 366 3618 .
