2524 3946
445 198 562 255 AGRIC.
578 198 617 252 III
631 203 735 251 10-12
1055 197 1097 262 81

84 347 173 430 poris
202 345 310 430 spatio
340 350 555 431 sarmentum,
588 345 674 428 quod
702 343 849 409 clausum
877 348 941 428 est,
972 343 1097 409 radices

85 434 211 500 creabit
233 435 322 498 intra
344 432 544 518 praedictam
568 432 776 499 corbioulam.
814 438 893 498 tunc
916 436 977 499 sub
996 431 1098 512 fundo

84 523 193 590 corbis
216 523 356 588 incisum
379 523 560 587 radicatum
584 526 786 588 sarmentum
810 522 979 607 cumipse
1001 524 1099 588 corbe

83 612 271 698 portabitur
299 612 339 676 ad
366 612 489 696 locum,
517 633 613 694 quem
641 610 766 676 uitibus
796 611 974 676 arbustiuis
1002 612 1100 676 desti-

59 701 181 767 snabis
204 700 344 786 inplere,
371 700 482 784 ibique
506 699 663 765 obruetur
685 702 772 765 circa
795 701 922 765 arboris
946 701 1100 765 maritan-

83 792 143 855 dae
167 789 303 854 radices.
341 789 403 854 hoc
422 810 550 874 genere,
573 792 733 873 quantum
751 789 905 873 uolueris,
927 811 1100 854 numerum

81 879 205 944 uitium
229 878 406 943 transferes
432 878 501 942 sine
525 877 742 962 ambiguitate
765 878 952 963 prendendi.

269 1108 329 1173 DE
354 1106 509 1174 VINEIS
532 1106 917 1174 PROVINCIALIBVS.

137 1231 279 1298 'Vineae
302 1232 336 1297 in
358 1233 537 1318 prouinciis
561 1234 673 1298 multis
693 1235 865 1317 generibus
885 1235 977 1299 fiunt.
1014 1234 1071 1299 sed
1104 1235 1154 1301 XI

45 1350 70 1388 ro
84 1324 252 1408 optimum
283 1344 386 1408 genus
419 1326 482 1404 est,
514 1321 572 1386 ubi
604 1321 683 1386 uitis
714 1325 805 1387 uelut
833 1323 1005 1388 arbuscula
1033 1327 1101 1389 stat

83 1412 182 1478 breui
201 1432 293 1476 crure
312 1411 456 1476 fundata.
484 1411 564 1476 haec
578 1410 684 1495 primo
699 1411 825 1477 calamo
839 1411 981 1495 iuuatur,
1000 1413 1101 1478 donec

82 1501 255 1566 solidetur.
297 1501 353 1564 sed
376 1500 474 1564 altior
497 1499 687 1584 sesquipede
711 1522 871 1566 essenon
895 1502 1000 1567 debet.
1043 1503 1101 1567 ubi

63 1591 226 1655 ¹robuste
246 1588 354 1671 fuerit,
378 1589 450 1653 sola
468 1589 635 1654 consistet.
672 1589 759 1654 aliud
778 1611 880 1675 genus
900 1595 959 1676 est,
982 1592 1017 1655 in
1036 1613 1101 1676 quo

83 1678 201 1744 cannis
225 1677 374 1761 pluribus
398 1678 484 1743 circa
508 1677 677 1761 dispositis
701 1679 772 1762 ipsa
797 1678 876 1743 uitis
900 1702 959 1763 per
981 1702 1118 1745 cannas·

43 1793 67 1833 15
82 1768 262 1834 sarmentis
290 1766 402 1851 ligatis
431 1768 465 1831 in
494 1767 656 1831 orbiculos
684 1768 829 1832 flectitur
856 1790 890 1833 se
920 1773 1101 1853 sequentes.

82 1857 224 1920 ultimae
246 1855 420 1939 positionis
443 1856 524 1920 uitis
548 1860 607 1939 est,
631 1877 713 1939 quae
737 1877 796 1940 per
814 1860 936 1921 terram
955 1859 1102 1941 proiecta

82 1943 274 2011 discumbit.
305 1945 366 2009 bae
386 1966 498 2009 omnes
518 1948 551 2009 et
570 1944 739 2009 scrobibus
758 1950 925 2030 ponuntur
944 1950 977 2010 et
991 1947 1101 2012 sulcis.
1225 1986 1228 1996 ·

110 2157 177 2224 DE
200 2155 425 2222 PVTANDIS
448 2155 603 2223 VINEIS
628 2155 924 2242 COMMVNIBVS
948 2133 1076 2224 bL'PIS

410 2263 499 2328 VEL
523 2262 781 2329 HVMILIBVS.

44 2417 70 2456 ιο
153 2387 229 2454 Hoc
251 2410 361 2453 mense
383 2387 465 2454 locis
489 2388 619 2474 frigidis
643 2389 848 2472 aliquatenus
873 2392 906 2452 et
925 2393 1049 2474 tempe·
1092 2390 1158 2460 XII

83 2477 170 2543 ratis
188 2477 308 2542 uitium
327 2478 415 2542 iusta
433 2478 571 2561 putatio.
604 2478 660 2541 sed
678 2477 735 2542 ubi
749 2477 871 2542 multae
887 2482 964 2542 sunt
978 2479 1102 2564 uineae,

84 2567 277 2632 diuiduntur
300 2571 334 2630 et
357 2588 432 2651 pars
457 2589 579 2649 earum,
606 2588 688 2651 quae
712 2567 979 2650 septemtrionem
1002 2569 1103 2653 respi-

85 2657 168 2740 ciet,
189 2676 290 2719 uerno
314 2660 461 2739 putetur:
490 2657 555 2720 alia
578 2677 653 2740 pars
678 2655 813 2719 aduersa
837 2655 1102 2723 clementioribus

85 2744 197 2830 plagis
225 2743 388 2808 recidatur
415 2749 580 2809 autumno.
628 2746 683 2809 sod
711 2744 745 2808 in
773 2745 944 2828 putatione
975 2767 1104 2831 semper

46 2861 71 2900 rs
85 2835 247 2918 nitamur,
280 2837 318 2897 ut
345 2834 424 2897 uitis
452 2833 510 2897 fiat
539 2833 572 2898 in
601 2855 693 2899 crure
722 2833 902 2916 robustior,
934 2856 974 2898 ue
1003 2835 1103 2899 debili

163 2994 179 3042 2
199 2989 307 3044 creauit
321 2991 365 3065 1⁷1
380 2990 528 3060 praedicta
544 2991 567 3061 Q
583 2991 587 3062 1
603 2989 732 3044 suffundo
747 2991 835 3060 PLQ
848 2993 888 3060 113
908 2991 1008 3044 arbore
1021 2995 1105 3062 puta-

85 3059 169 3114 bitur
186 3061 218 3114 Ε
238 3062 247 3130 11
269 3067 286 3115 4
306 3060 468 3115 arbustibus
489 3062 557 3132 Qa',
577 3061 699 3116 arbustis
718 3062 767 3132 ΕΙ
785 3060 964 3130 desiderasp
985 3064 996 3133 11
1019 3071 1035 3117 5
1055 3064 1105 3118 ob-

86 3131 183 3186 ruitur
201 3132 290 3213 PLQ
300 3133 384 3187 Vsa*
391 3133 495 3188 TFGi
510 3134 514 3203 1
529 3132 698 3186 maturando
716 3133 747 3187 E
758 3135 768 3204 11
783 3138 798 3186 6
816 3148 963 3186 numerum
981 3151 1032 3190 om.
1047 3136 1078 3189 E
1093 3135 1105 3259 11

88 3209 104 3256 ‘1
130 3202 268 3272 perdendi
290 3204 331 3272 E,
379 3203 553 3258 rehendendi
575 3222 652 3275 arpa
678 3206 688 3273 11
716 3209 749 3257 10
777 3221 865 3274 genus
893 3220 943 3258 om.
967 3205 994 3258 L
1024 3208 1028 3276 1
1058 3222 1093 3260 ue

89 3273 241 3328 arbustula
252 3275 278 3330 G
290 3277 300 3345 11
316 3281 347 3329 11
358 3223 453 3330 breuis
462 3292 526 3330 rure
536 3276 593 3329 PL
601 3277 624 3346 Q
632 3277 662 3343 T,
672 3274 850 3330 breuisrurae
862 3274 906 3348 611
916 3281 950 3329 14
959 3279 1088 3332 cannaE
1094 3278 1105 3350 11

89 3351 126 3399 15
147 3345 293 3400 sermentis
307 3347 336 3400 Ρ
349 3352 354 3414 1
370 3345 454 3417 ligati
468 3346 492 3400 si
506 3347 646 3401 orbiculos
661 3348 694 3415 P,
713 3345 798 3417 ligati
814 3346 839 3399 si
852 3346 1022 3401 morbiculos
1037 3350 1063 3403 L
1072 3347 1103 3418 Q,

89 3415 258 3487 orbiculap
282 3420 286 3488 1
312 3433 341 3472 se
360 3435 410 3472 om.
425 3419 456 3472 E
476 3421 486 3488 11
510 3424 542 3472 18
562 3418 592 3471 in
611 3418 788 3472 conuallibus
807 3419 818 3472 i
840 3420 850 3488 11
873 3424 905 3473 21
929 3417 1041 3488 putatio
1061 3422 1106 3472 est

94 3487 267 3558 VSEFao,
291 3490 334 3542 est
356 3490 419 3544 incl.
440 3507 476 3560 cp
502 3491 512 3560 11
539 3496 573 3544 23
596 3489 753 3559 poteturQ
779 3491 788 3559 11
816 3495 851 3543 24
873 3489 1048 3544 rescindatur
1065 3490 1077 3543 i
1094 3490 1105 3562 11

90 3564 128 3612 26
146 3575 199 3613 nec
218 3559 254 3630 F,
272 3559 351 3614 Neue
370 3561 459 3631 SEa,
477 3577 514 3615 ne
533 3563 589 3633 [ve]
609 3579 662 3632 cpe

147 3659 289 3702 Pnuurnrvs
303 3662 338 3703 ed„
352 3661 483 3702 schmitt.
929 3653 944 3700 6
