2524 3946
470 831 614 906 LIBER
643 831 845 906 TERTIVS

617 969 697 1024 SIVE

367 1077 566 1146 MENSIS
593 1076 942 1146 FEBRVARIVS.

566 1324 743 1378 TITVLI.

230 1434 247 1499 I
280 1434 330 1500 De
353 1434 458 1520 pratia
481 1435 648 1500 seruandis
672 1439 705 1500 et
727 1434 900 1499 laetamine
924 1435 1123 1502 saturandis.
1196 1465 1209 1505 5
1259 1491 1260 1514 .

212 1522 246 1587 II
280 1522 330 1589 De
353 1524 597 1609 proscindendis
622 1525 769 1589 collibus.

195 1611 247 1676 III
280 1612 330 1677 De
353 1613 479 1678 satione
503 1611 695 1679 trimenstri.

178 1699 246 1765 IIII
278 1699 329 1766 De
352 1703 487 1767 serenda
509 1702 665 1767 lenticula
689 1707 762 1767 cum
785 1699 956 1786 disciplina
979 1722 1051 1784 sua,
1078 1699 1163 1767 item

282 1791 321 1856 de
345 1789 511 1857 cicercula.

214 1876 246 1942 V
280 1877 330 1945 De
353 1879 489 1944 serendo
513 1879 668 1947 cannabo.
804 1894 810 1909 ·
1180 1909 1209 1948 ιο

198 1966 247 2032 VI
281 1967 332 2034 De
356 1969 444 2054 agris
468 1968 610 2034 medicae
633 1968 795 2053 parandis.

182 2055 247 2121 VII
281 2057 331 2122 De
354 2079 431 2122 eruo
455 2058 600 2122 serendo.

164 2144 247 2211 VIII
282 2145 332 2211 De
365 2146 515 2212 curandis
548 2145 672 2211 uitibus
705 2149 739 2210 et
771 2144 942 2210 arboribus
973 2147 1007 2209 et
1033 2144 1160 2212 hordeo

279 2235 423 2321 galatico
447 2234 590 2300 serendo.

146 2321 246 2388 VIIII
280 2323 328 2388 De
355 2323 513 2408 ponendis
540 2321 645 2388 uineis
672 2322 802 2406 pastino
825 2322 879 2387 uel
903 2321 1072 2387 scrobibus
1096 2327 1160 2389 aut
1177 2351 1206 2392 1⁵

281 2413 380 2478 sulcis
405 2417 438 2478 ot
461 2413 564 2497 omni,
587 2433 668 2496 quae
691 2411 770 2476 illuc
792 2411 948 2494 pertinet,
973 2411 1160 2496 disciplina.

212 2499 244 2565 X
277 2499 327 2566 De
351 2501 527 2567 arbustiuis
550 2501 673 2566 uitibus
697 2504 731 2564 et
753 2498 875 2584 plantis
899 2500 1052 2565 arborum
1077 2500 1161 2566 uiti-

279 2588 429 2655 ferarum.

196 2675 245 2744 XI
278 2677 328 2742 De
352 2678 455 2743 uineis
478 2677 743 2762 prouincialibus.

178 2765 244 2833 XII
277 2765 326 2832 De
345 2765 498 2851 putandis
517 2765 620 2832 uineis
641 2764 866 2832 communibus
886 2766 961 2831 altis
980 2767 1034 2833 uel
1049 2766 1160 2831 humi·
1178 2795 1211 2836 sc

279 2856 375 2921 libus.

163 2945 245 3010 XIH
278 2945 328 3011 De
350 2945 519 3031 putatione
543 2945 679 3010 arbusti.

145 3032 245 3099 XIIII
279 3034 327 3100 De
350 3033 605 3119 prouincialibus
628 3033 733 3098 uineis
755 3033 919 3116 putandis.

219 3196 232 3244 1
251 3189 634 3245 LlBER-FEBRVARIVS
653 3206 703 3243 om.
718 3189 794 3244 codd.
814 3189 825 3259 ΙΙ
844 3194 862 3242 4
880 3187 1002 3241 TITVLI
1021 3187 1158 3244 MENSIS

144 3259 343 3316 FEBRVARII
361 3279 450 3317 omncs
467 3263 524 3329 fere
542 3262 644 3316 codices
662 3261 846 3326 deditiones,
870 3258 1012 3328 Incipiunt
1030 3258 1161 3341 capitula

145 3331 249 3386 mensis
271 3331 407 3385 februarii
425 3333 466 3401 E,
489 3331 732 3385 TITVLI-horis
755 3347 839 3386 om.c
864 3332 874 3400 ΙΙ
902 3336 916 3384 7
941 3329 1076 3384 trimestri
1099 3331 1134 3384 Ε
1151 3333 1165 3405 Η

146 3410 162 3457 9
186 3403 221 3458 de
244 3419 295 3458 ora.
314 3403 416 3457 codices
434 3409 544 3472 praem
561 3403 592 3454 E
613 3409 638 3457 et
659 3403 672 3455 i
697 3404 707 3472 11
735 3409 767 3455 11
786 3399 925 3455 medicine
944 3400 975 3455 Ε
998 3404 1008 3471 ΙΙ
1037 3407 1070 3455 15
1088 3401 1163 3456 uiti·

146 3475 200 3528 bus
218 3476 270 3544 Eli
285 3478 318 3527 16
338 3472 432 3527 omnia
451 3472 572 3543 PLQG
587 3473 591 3542 Ι
607 3471 666 3526 illic
684 3473 783 3542 1111117
803 3470 965 3526 arbustibus
985 3473 1054 3541 PL,
1074 3473 1164 3528 arbu-

147 3543 198 3598 stis
219 3545 318 3615 GEqs
334 3545 338 3612 Ι
354 3542 562 3597 fructiferarum
579 3542 610 3595 E
