2524 3946
173 195 237 261 126
592 194 763 252 PALLADE

171 341 322 407 elabitur.
370 343 398 408 si
426 363 529 428 ponas
556 344 681 409 semina
716 343 786 408 eius
819 344 924 410 adhuc
956 345 1069 410 clausa
1100 343 1185 409 lolli·

170 431 266 515 culis,
291 428 482 518 singulatim
510 451 608 498 manu
634 431 767 498 debebis
791 433 941 518 adfigere.
980 435 1009 498 si
1032 432 1099 497 iam
1124 433 1185 498 ini*

169 524 252 585 nuta
270 523 356 607 suni,
378 539 494 608 sparsa
511 520 649 588 iactabis
668 524 702 586 et
720 526 826 587 rastro
845 523 989 588 obducto
1007 523 1183 606 cooperies.

169 604 278 674 caules
308 611 391 694 eius,
420 613 475 696 qui
503 611 638 676 inclusis
660 611 841 676 seminibus
863 611 935 676 noti
957 611 1096 694 fuerint,
1120 611 1185 676 for

168 699 271 764 tiores
297 706 409 784 erunt,
439 699 496 765 sed
526 717 599 765 aero
625 705 809 766 aasoentar.
856 700 976 764 umuli
1006 700 1075 764 eius
1109 717 1216 765 cumr

168 785 279 872 aliqua
297 790 429 854 corticis
448 793 542 874 parte
562 789 711 854 conuulsi
728 807 831 854 uerno
849 793 997 873 tempore
1016 810 1078 874 pro
1092 788 1184 873 plau-

117 877 212 944 lctis
240 880 412 943 tenebunt:
439 878 512 943 tota
535 895 614 943 uero
637 879 799 942 translate
822 879 990 942 morietur.
1034 878 1184 942 nonnulli

167 967 312 1032 ramulos
335 968 406 1032 eius
428 972 580 1051 pertusae
603 967 698 1032 fabae
721 967 871 1032 mearunt
887 968 940 1032 uel
959 967 1064 1031 bulbo
1084 972 1184 1050 atquo

166 1055 216 1120 ita
247 1057 392 1120 obruunt
422 1053 529 1121 alieno
559 1057 674 1142 uigore
707 1055 895 1121 seruandus.
940 1060 1184 1140 prosequuntur

167 1145 266 1210 etiam
299 1145 483 1210 maledictis
513 1149 549 1209 et
581 1145 721 1210 maxime
752 1145 787 1209 in
819 1149 909 1209 terra
939 1143 1039 1209 soluti
1066 1143 1181 1208 lateus
1194 1171 1215 1210 a

166 1237 305 1320 ponunt,
333 1235 420 1318 quod
445 1234 599 1319 prodesse
623 1232 841 1299 certissimum
864 1237 924 1299 est.
967 1234 1040 1318 sed,
1066 1238 1107 1297 ut
1128 1233 1181 1298 ad·

166 1327 293 1406 serunt,
325 1323 441 1388 melius
473 1323 598 1387 furtiue
633 1321 814 1408 proueniet.
866 1323 926 1388 sub
963 1321 1019 1387 fioi
1048 1323 1181 1386 arboria

165 1412 283 1476 umbra
300 1411 455 1477 libentius
475 1412 664 1496 adquiescit.
695 1433 762 1476 non
780 1407 878 1476 effodi
896 1411 999 1476 herba
1014 1411 1073 1475 sod
1086 1415 1182 1496 optat

174 1500 280 1564 auelli.
316 1502 490 1566 inmundae
510 1501 655 1566 mulieris
673 1500 830 1566 formidat
847 1501 1023 1564 adtractum.
1058 1500 1102 1564 ab
1120 1501 1181 1565 boe

174 1607 284 1656 mense
311 1607 414 1674 usquo
441 1590 476 1654 iu
503 1590 672 1655 octobrem
694 1593 803 1654 totum
826 1589 1032 1654 eomundrum
1055 1589 1181 1653 saritam.
1194 1614 1216 1655 a

166 1684 256 1747 amat
288 1683 410 1744 temam
441 1678 612 1764 pinguem,
643 1679 700 1744 sed
726 1683 762 1743 et
789 1695 899 1744 macro
929 1678 1001 1742 solo
1028 1678 1181 1742 nascitur.

164 1785 276 1835 semen
299 1769 415 1834 melius
438 1772 582 1853 putatur,
607 1761 693 1852 quod
711 1767 877 1832 uetustius
895 1766 1003 1832 fuerit.
1042 1766 1180 1832 delceta-

164 1864 220 1923 tur
243 1873 365 1922 umore.
403 1863 512 1923 satum
535 1858 617 1921 bene
641 1875 714 1922 cum
739 1856 825 1922 olere
849 1876 1053 1940 quocumque
1071 1875 1180 1921 nasce·

113 1949 227 2014 lotar.
273 1947 336 2012 hoo
364 1963 475 2011 mense
501 1946 671 2012 cucurbita
695 1947 830 2010 serenda
854 1950 914 2010 ost
960 1948 1050 2009 amat
1071 1944 1179 2010 *solnm

163 2038 295 2123 pingue,
317 2035 474 2121 umidum,
498 2038 725 2117 stercoratam,
745 2035 898 2100 solutum.
935 2033 999 2099 hoo
1017 2033 1050 2098 in
1067 2051 1179 2099 maom-
1191 2060 1213 2099 a

163 2125 242 2190 bitis
270 2125 400 2210 insigne
428 2129 491 2209 est,
519 2125 607 2208 quod
634 2123 750 2208 longas
779 2124 913 2207 pariunt
938 2127 975 2187 et
1000 2121 1104 2187 exiles
1131 2144 1178 2187 se-

163 2215 260 2295 miue,
280 2231 362 2298 quae
381 2214 416 2278 iu
432 2229 545 2278 aarum
564 2214 689 2277 ceruice
703 2216 897 2277 naseuntur:
917 2210 1050 2296 quaein
1063 2215 1176 2276 umbre

162 2304 305 2382 fueraut,
329 2303 515 2367 cucurbitae
538 2301 664 2366 dacium
688 2302 878 2384 crassiores,
900 2319 983 2384 quae
1006 2300 1046 2364 in
1068 2299 1177 2383 lunda

161 2393 255 2471 latas,
279 2391 307 2456 si
329 2389 468 2456 inuersis
492 2385 714 2456 cacuminibus
739 2391 927 2454 obruantur.
968 2389 1026 2453 ubi
1053 2390 1176 2454 adoles·

163 2504 234 2546 cere
257 2480 437 2565 coeperint,
462 2479 667 2544 adminiculis
691 2477 894 2543 adiuuentur.
941 2499 1023 2562 quae
1047 2500 1175 2542 seruan-
1189 2503 1212 2542 a

163 2574 217 2635 tur
239 2569 281 2633 ad
305 2569 444 2655 semina,
470 2587 573 2652 usque
601 2567 641 2633 ad
664 2567 805 2633 hiemem
828 2567 863 2630 in
887 2586 946 2632 sua
968 2567 1037 2631 uite
1059 2567 1175 2652 depen-

162 2659 273 2741 deant,
305 2658 419 2722 deinde
453 2649 602 2722 sublatae
634 2658 669 2723 in
702 2656 770 2722 sole
801 2659 965 2740 ponantur
991 2660 1050 2720 aut
1077 2655 1178 2720 fumo.

169 2920 171 2922 ,
234 2855 247 2904 1
269 2850 328 2905 eius
347 2865 397 2904 ont.
412 2851 439 2904 L
464 2853 468 2919 1
493 2847 672 2918 fossioulisp
694 2850 703 2919 11
728 2855 743 2902 2
763 2847 933 2918 singillatim
955 2847 1013 2918 ΟΕ
1032 2851 1035 2917 1
1057 2847 1179 2902 adficere

161 2923 218 2976 PL
226 2923 257 2992 Q,
277 2922 389 2976 afficere
408 2922 471 2976 Ec
486 2924 490 2992 1
505 2921 615 2976 munita
633 2920 661 2974 V
680 2923 689 2990 11
713 2925 728 2973 ³
748 2935 849 2990 sparge
868 2921 899 2974 Ε
915 2922 922 2989 1
943 2918 1051 2990 operies
1070 2919 1178 2990 8111111

161 3001 177 3048 6
197 2993 308 3048 corticis
328 3009 377 3048 om.
393 2994 425 3047 Ε
439 2995 442 3063 1
458 3008 561 3062 uerep
579 2996 588 3063 11
609 2998 623 3046 1
641 2994 726 3046 eruut
741 3007 794 3061 pro
812 2991 950 3045 tenebunt
962 2989 993 3043 Ε
1014 2991 1024 3059 11
1046 2995 1062 3042 8
1080 3005 1179 3044 ramu-

160 3064 204 3118 lus
224 3065 258 3132 L,
276 3078 369 3118 ramos
386 3065 412 3119 G
448 3064 494 3118 uel
512 3064 600 3118 bulbo
619 3079 669 3118 om.
684 3065 697 3117 c'
712 3067 716 3132 1
732 3063 810 3116 bullo
825 3063 856 3116 Ε
867 3063 876 3131 11
891 3067 925 3115 10
943 3060 1112 3114 maledictus
1125 3063 1153 3114 L

162 3142 194 3189 11
218 3135 305 3204 prode
328 3148 388 3190 esse
461 3139 470 3204 11
499 3142 532 3188 12
554 3134 678 3188 fiuctiua
695 3137 723 3189 L
752 3139 756 3203 1
804 3133 955 3187 rouenlunt
973 3131 1027 3201 dt,
1053 3145 1105 3186 oca.
1121 3133 1152 3186 E

161 3201 765 3346 sespecutaculuesuu
778 3149 1178 3330 leuuouu

160 3362 210 3404 om.
223 3321 268 3418 pll
282 3352 315 3400 16
331 3361 394 3401 ama
410 3349 433 3418 Q
447 3352 455 3418 11
471 3353 504 3402 18
521 3320 639 3402 tumore
653 3350 754 3403 satum.
779 3348 855 3401 Bone
869 3347 906 3415 E,
925 3346 1002 3399 Bene
1017 3347 1110 3400 satum
1126 3346 1176 3417 611

161 3437 225 3474 oum
237 3418 343 3472 molere
355 3418 377 3486 11
390 3421 399 3486 11
413 3425 447 3473 10
465 3419 600 3490 pinguem
611 3419 638 3473 G
651 3419 660 3488 11
675 3421 753 3486 alet
767 3433 816 3472 om.
830 3417 853 3488 11
869 3419 873 3488 1
887 3415 1003 3472 Semina
1017 3416 1069 3486 Ε11
1083 3422 1118 3470 21
1131 3416 1178 3470 in-

160 3494 264 3545 uentae
283 3486 313 3544 E
334 3485 344 3557 11
366 3494 399 3540 16
418 3504 506 3558 usque
524 3489 555 3542 in
576 3490 654 3559 θΕΙ
671 3487 782 3542 hiemen
803 3487 861 3558 ΘΕ
875 3492 879 3556 1
895 3488 925 3542 in
941 3486 1087 3542 *suauitate
1108 3487 1180 3558 QG,

161 3562 325 3630 0111111121
344 3559 374 3611 in
393 3560 451 3614 solo
471 3559 602 3614 sublatae
620 3561 797 3629 deponantur
815 3557 845 3613 Ε
