2524 3946
426 213 543 268 nomo.
557 213 609 267 1111
623 219 726 268 11-12

327 413 387 479 DE
411 411 648 479 DOMANDIS
672 409 829 477 BVBVS.

137 537 209 603 Hoc
241 560 351 603 mense
383 538 501 603 ultimo
534 538 686 603 domandi
709 542 787 603 sunt
815 537 906 603 trimi
934 539 1046 622 boues,
1074 536 1138 602 XII

77 626 148 709 quia
179 631 255 710 post
288 627 544 712 quinquennium
576 628 659 692 bene
691 628 817 691 domari
849 649 915 692 non
944 632 1084 710 possunt

77 715 189 780 aetatis
213 721 414 802 repugnante
439 715 567 782 duritia
604 716 691 800 capti
715 736 794 800 ergo
819 716 932 780 statim
954 716 1082 780 domen-

54 807 139 889 atur,
168 805 224 889 qui
247 805 376 890 quidem
399 805 505 890 prius,
533 827 606 870 cum
630 805 734 869 teneri
757 804 892 887 fuerint,
918 803 1084 888 frequenti

76 915 187 958 manus
211 894 447 960 adtrectatione
471 897 709 958 mansuescant.
747 893 803 958 sed
822 893 987 958 stabulum
1005 894 1084 958 noui

76 981 171 1047 boues
195 983 392 1068 largioribus
417 983 533 1066 spatiis
556 982 677 1047 habere
701 982 874 1066 debebunt,
897 987 934 1046 ut
956 987 989 1046 et
1008 985 1084 1046 ante

76 1071 238 1136 stabulum
264 1072 337 1137 loca
364 1073 465 1136 nullis
494 1071 729 1136 concludantur
756 1069 918 1158 angustiis
952 1075 985 1135 et
1012 1093 1084 1154 pro·

75 1159 160 1224 ducti
184 1183 251 1225 non
274 1161 383 1245 aliqua
406 1161 565 1225 uitientur
589 1160 718 1224 offensa.
761 1162 795 1225 in
820 1161 892 1244 ipso
916 1182 994 1224 uero
1019 1163 1083 1223 sta·
1107 1159 1128 1223 2

40 1248 148 1314 obulo
177 1250 306 1314 adseres
334 1250 514 1314 transuersi
542 1271 561 1312 a
589 1255 677 1313 terra
707 1254 832 1333 septem
860 1249 995 1332 pedibus
1024 1247 1084 1312 alti

75 1339 286 1424 configantur.
332 1338 371 1402 ad
400 1360 482 1422 quos
506 1339 606 1402 boues
633 1339 777 1424 ligentur
800 1337 960 1403 indomiti.
1006 1343 1084 1402 tunc

74 1426 165 1512 eligis
191 1427 378 1492 absolutam
400 1427 654 1511 tempestatibus
678 1431 711 1491 et
734 1427 964 1510 inpedimentis
984 1427 1085 1491 omni-

73 1514 130 1580 bus
150 1517 248 1600 diem,
265 1537 329 1600 qua
347 1517 436 1599 capti
454 1517 674 1599 perducantur
689 1517 728 1580 ad
743 1515 920 1580 stabulum.
946 1537 1084 1599 quorum

73 1603 100 1666 si
121 1604 226 1669 nimia
247 1603 348 1668 fuerit
371 1606 541 1688 asperitas,
563 1626 628 1669 uno
652 1605 703 1669 die
728 1626 764 1669 ac
787 1608 884 1670 nocte
907 1604 994 1669 inter
1017 1606 1086 1669 uin-

40 1716 61 1755 1
74 1693 144 1758 cula
177 1691 371 1778 mitigentur
402 1699 500 1778 atque
528 1692 657 1758 ieiunia
703 1697 782 1758 tunc
811 1693 1085 1777 appellationibus

75 1782 202 1847 blandis
226 1788 259 1846 et
282 1783 455 1847 inlecebris
474 1783 660 1847 oblatorum
680 1783 838 1865 ciborum,
859 1804 926 1847 non
945 1804 964 1846 a
982 1782 1085 1846 latere

73 1892 175 1955 neque
205 1894 224 1936 a
251 1875 361 1957 tergo,
393 1873 448 1936 sed
477 1894 497 1936 a
523 1871 632 1936 fronte
660 1873 815 1937 accedens
844 1871 1004 1935 bubulcus
1033 1871 1085 1935 ad-

73 1961 215 2026 mulceat
245 1982 405 2045 naresque
436 1965 470 2025 et
501 1965 596 2046 terga
623 1963 803 2044 pertractet
831 1982 920 2025 mero
949 1959 1085 2025 subinde

74 2069 305 2135 conspergens,
334 2049 396 2114 hac
423 2053 534 2115 tamen
562 2050 726 2134 cautione,
756 2071 797 2113 ne
828 2049 970 2132 aliquem
999 2048 1086 2113 calce

40 2161 63 2199 so
75 2140 244 2223 contingat
271 2142 328 2203 aut
356 2159 464 2203 cornu.
511 2137 598 2223 quod
620 2140 755 2222 uitium,
782 2138 810 2202 si
838 2138 872 2200 in
897 2137 1085 2220 primordiis

75 2226 203 2293 effectui
236 2226 300 2292 sibi
328 2227 463 2292 cessisse
492 2228 644 2312 senserit,
676 2227 848 2292 obtinebit
893 2229 972 2291 tunc
1000 2224 1131 2290 miti-3

75 2316 159 2400 gatis
189 2338 226 2381 os
254 2319 288 2381 et
315 2316 463 2400 palatum
510 2316 633 2381 salibus
661 2315 743 2381 frica
772 2319 805 2380 et
833 2315 868 2377 in
895 2313 1007 2399 gulam
1035 2315 1087 2379 de-

74 2405 168 2470 mitte
196 2405 384 2490 praesulsae
412 2405 516 2491 adipis
548 2404 680 2470 librales
709 2404 789 2470 offas
822 2408 856 2468 et
883 2404 952 2468 nini
983 2407 1087 2468 sexta-

74 2494 139 2558 rios
168 2493 316 2580 singulos
345 2515 445 2559 cornu
473 2493 662 2558 infimdentc
690 2515 749 2577 per
776 2493 900 2559 fauces:
928 2514 1011 2577 quae
1035 2515 1087 2557 res

39 2583 161 2648 aintra
189 2583 334 2647 triduum
363 2581 466 2648 totius
494 2583 651 2648 saeuitiae
678 2581 761 2647 iram
787 2583 939 2647 resoluat.
985 2581 1087 2666 aliqui

74 2692 128 2737 eos
147 2672 235 2736 inter
254 2693 288 2736 se
307 2672 449 2756 iungrmt
468 2693 505 2737 ac
523 2672 641 2737 docent
659 2694 758 2737 onera
772 2675 935 2756 temptare
948 2671 1086 2736 leuiora:

147 2871 158 2916 1
184 2862 303 2917 BORVS
326 2863 369 2931 Ε,
397 2863 446 2916 ΒΕ
475 2862 635 2917 DOMIBVS
663 2863 782 2918 BVBVS
810 2866 842 2932 V,
869 2863 911 2918 De
938 2863 1086 2916 domandis

74 2934 165 2988 bobus
179 2937 234 2990 icc
246 2937 256 3003 ΙΙ
270 2940 286 2988 3
301 2934 350 3004 qui
360 2936 391 2989 E
402 2937 412 3006 ΙΙ
425 2941 442 2989 4
457 2934 550 3004 Capiti
564 2934 595 3002 V,
611 2933 710 3004 Capite
721 2953 743 3004 p
756 2937 765 3005 ll
780 2941 795 2990 6
811 2935 884 2990 adde
893 2933 1032 2989 tractione
1041 2935 1068 2988 L
1080 2934 1084 3008 Ι

73 3008 274 3060 mansuescunt
291 3006 348 3060 SE
372 3009 382 3076 ΙΙ
409 3006 509 3060 Sloca
526 3023 610 3075 om.p
634 3009 639 3075 1
663 3005 735 3060 nulli
755 3007 842 3076 PLq
868 3009 877 3076 ΙΙ
905 3002 1019 3059 911111
1037 3005 1085 3060 vit.

74 3075 119 3131 oli.
139 3079 151 3130 i
173 3079 182 3147 ΙΙ
206 3083 237 3131 11
257 3076 414 3148 ligantnri
436 3080 446 3147 ΙΙ
470 3083 502 3130 13
522 3093 594 3146 quae
614 3077 641 3132 G
663 3081 672 3148 ΙΙ
697 3084 729 3132 14
749 3077 906 3147 adaperitas
925 3077 953 3130 P
973 3079 982 3148 ii
1007 3083 1039 3132 16
1058 3080 1088 3132 et

74 3150 152 3202 omi
174 3152 183 3218 ΙΙ
207 3155 239 3202 17
258 3148 396 3203 bubulcos
414 3150 441 3202 L
463 3151 473 3219 11
497 3155 530 3202 18
548 3165 662 3204 naresc
684 3152 693 3218 l
714 3155 746 3203 19
766 3150 951 3219 conspergant
969 3149 1003 3217 P,
1022 3165 1087 3204 con-

75 3221 240 3290 spargensc'
264 3220 268 3291 l
294 3219 404 3274 actione
419 3237 473 3290 pro
492 3219 660 3289 cautionep
684 3223 688 3292 Ι
712 3220 817 3275 calcem
835 3220 863 3273 P
888 3222 898 3290 ΙΙ
925 3220 1087 3275 20101111-

75 3293 146 3360 guat
163 3292 194 3344 E
215 3294 224 3361 11
247 3296 280 3344 21
300 3290 462 3346 effectiuum
480 3293 492 3346 i
516 3293 520 3362 Ι
546 3291 665 3363 senserit
682 3308 732 3346 om.
748 3292 780 3345 Ε
799 3292 808 3362 {t
831 3290 1032 3362 aspalathum
1052 3293 1086 3360 G,

74 3360 214 3430 palatium
228 3362 259 3416 E
273 3365 278 3431 Ι
293 3361 410 3416 fricabis
428 3365 462 3417 a‘a
479 3367 483 3430 Ι
498 3363 626 3434 linguam
640 3362 671 3416 E
685 3364 688 3435 l
706 3361 818 3416 dimitte
832 3363 889 3416 PL
899 3363 1017 3419 VGSE
1023 3363 1087 3429 ΤΕ,

76 3431 196 3486 dimittit
221 3433 245 3503 Q
308 3439 342 3487 23
365 3433 477 3504 presule
495 3435 536 3503 Ε,
564 3433 704 3503 praesulsi
726 3435 803 3503 iocp
832 3436 836 3502 Ι
864 3433 1026 3504 praesulsae
1050 3433 1087 3486 ad

75 3501 194 3558 librar-cs
210 3521 244 3573 p,
282 3504 376 3558 ibrare
395 3505 436 3573 Ε,
459 3504 567 3559 libriles
587 3505 614 3560 G
636 3508 645 3574 ΙΙ
668 3511 702 3559 25
727 3504 822 3560 seuiae
841 3506 868 3559 L
889 3507 899 3575 ΙΙ
926 3510 960 3559 26
985 3503 1088 3558 docent

75 3589 161 3644 eosp
802 3597 804 3602 ·
