2556 3942
177 193 221 256 20
601 192 771 246 smenon

178 339 215 402 de
240 337 364 402 morbis
389 341 512 402 aestate
537 342 688 421 suspecta
711 342 768 402 est.
807 339 859 403 cui
882 338 911 403 si
933 339 1007 403 fons
1027 339 1112 405 desit
1131 346 1189 404 aut

178 430 305 512 puteus,
324 427 480 492 cisternas
500 431 687 491 construere
709 427 889 510 conueniat,
909 428 1025 511 quibus
1043 429 1190 494 omnium

178 515 314 580 conduci
337 515 442 599 possit
462 537 546 599 aqua
564 519 734 580 tectorum.
772 516 856 580 fiunt
874 520 984 581 autem
1002 516 1065 582 hoc
1083 519 1192 586 modo.

232 745 290 810 DE
315 744 547 812 CISTERNIS
570 745 628 810 ΕΤ
651 744 837 811 MALTHA
860 746 1137 814 FRIGIDARIA.

127 869 223 935 XVII
291 867 436 956 Signinis
456 870 636 954 parietibus
656 871 847 956 magnitudo
866 895 912 955 ea,
932 895 997 956 qua
1017 873 1190 939 delectaris
1219 902 1232 942 5

179 962 212 1023 et
235 959 288 1025 cui
306 959 440 1044 sufficis,
465 963 674 1024 construatur
691 959 822 1044 longior
840 960 945 1046 magis
966 983 1064 1046 quam
1083 963 1191 1027 latior.

176 1048 273 1112 huius
293 1049 399 1112 solum
419 1049 486 1112 alto
507 1049 621 1113 rudere
641 1048 817 1113 solidatum
836 1050 950 1115 relicto
968 1050 1103 1116 lusoriis
1118 1052 1191 1117 loco

177 1137 312 1202 testacei
340 1137 520 1221 pauimenti
548 1137 773 1221 superfusione
796 1138 967 1224 leuigetur.
1014 1139 1077 1204 hoc
1102 1142 1192 1224 paui·

177 1231 324 1291 mentum
352 1227 441 1291 omni
465 1248 541 1290 cura
565 1227 735 1291 terendum
759 1228 809 1290 est
832 1227 871 1290 ad
894 1228 1018 1292 nitores
1043 1232 1076 1292 et
1099 1229 1192 1294 lardo

133 1315 291 1400 2pingui
323 1315 457 1380 decocto
486 1315 617 1379 adsidue
645 1313 894 1398 perfricandum.
939 1317 1024 1400 quod
1055 1318 1112 1382 ubi
1140 1319 1192 1382 de·
1207 1348 1233 1385 ιο

180 1404 276 1468 ducto
304 1425 416 1468 umore
445 1403 603 1468 siccatum
631 1407 695 1486 est,
722 1426 762 1468 ne
791 1403 882 1468 rimis
907 1405 942 1469 in
965 1405 1075 1490 aliqua
1098 1411 1192 1490 parte

179 1492 335 1576 findatur,
360 1490 460 1556 etiam
482 1492 623 1577 parietes
648 1491 748 1558 simili
772 1492 860 1557 corio
884 1494 1034 1560 uelantur
1058 1495 1193 1560 obducti

180 1585 213 1644 et
239 1581 288 1644 ita
316 1586 394 1664 post
422 1581 609 1647 diuturnam
643 1587 677 1645 et
705 1581 843 1646 solidam
875 1583 1057 1648 siccitatem
1090 1607 1193 1668 aquae

176 1670 372 1754 praebeatur
389 1668 576 1753 hospitium.
613 1670 775 1756 anguillas
795 1692 871 1735 sane
891 1672 1061 1757 piscesque
1078 1673 1192 1738 fluuia-

177 1760 225 1824 les
251 1757 340 1822 mitti
362 1756 397 1822 in
420 1759 471 1823 his
498 1760 651 1843 pascique
676 1760 855 1844 conueniet,
878 1763 916 1823 ut
938 1761 1056 1825 horum
1076 1766 1193 1826 natatu
1209 1791 1234 1831 15

178 1869 262 1931 aqua
292 1850 383 1912 stans
412 1847 597 1932 agilitatem
620 1847 779 1912 currentis
804 1847 960 1914 imitetur.
1003 1851 1059 1914 sed
1083 1850 1112 1914 si
1135 1851 1195 1914 ali-

179 1935 306 2020 quando
335 1937 370 2000 in
394 1958 597 2021 quocumque
616 1937 688 2001 loco
706 1937 886 2021 pauimenti
905 1938 957 2002 uel
976 1937 1109 2022 parietis
1129 1944 1196 2005 tec·

177 2028 253 2090 tura
287 2027 491 2109 succumbat,
515 2026 577 2090 hoo
600 2047 702 2111 genus
726 2025 869 2090 malthae
893 2026 1133 2111 adhibebimus,
1157 2034 1196 2094 ut

134 2115 155 2178 3
179 2137 273 2179 umor
296 2114 330 2178 in
354 2114 477 2180 exitum
500 2115 607 2178 nitens
630 2115 736 2198 possit
759 2115 888 2179 includi.
925 2116 1026 2180 rimas
1050 2121 1084 2181 et
1106 2118 1194 2183 lacu·

177 2226 235 2268 nas
264 2202 496 2287 cisternarum,
528 2203 670 2288 piscinas
698 2204 751 2267 uel
779 2208 894 2287 puteos
925 2204 1100 2270 sarciemus
1129 2206 1194 2271 hoc
1209 2237 1235 2274 ιο

177 2313 306 2375 genere,
334 2292 397 2356 etsi
424 2314 520 2356 umor
547 2313 604 2374 per
632 2313 709 2356 saxa
737 2293 891 2358 manabit.
936 2292 1018 2377 picis
1045 2293 1190 2378 liquidae

177 2383 336 2464 quantum
354 2381 507 2464 uolueris,
529 2385 562 2446 et
585 2381 777 2445 tantundem
796 2403 904 2446 sumes
923 2383 1087 2468 unguinis,
1107 2386 1196 2468 quod

178 2490 331 2534 uocamus
361 2470 536 2554 axungiam
563 2470 616 2533 uel
649 2491 770 2534 seuum.
812 2474 890 2536 tunc
918 2471 952 2535 in
981 2472 1046 2536 olla
1069 2476 1196 2538 utrum-

179 2578 240 2640 que
260 2557 413 2622 miscebis
433 2561 465 2621 et
485 2580 613 2643 coques,
636 2558 736 2623 donec
755 2565 898 2643 spumet:
923 2559 1036 2626 deinde
1056 2561 1097 2626 ab
1116 2561 1195 2648 igne

178 2646 370 2710 remouebis.
416 2668 489 2710 cum
516 2646 616 2711 fuerit
648 2647 764 2714 eadem¹
789 2648 981 2733 refrigerata
1009 2651 1195 2736 permixtio,
1212 2680 1238 2720 ιι

251 2844 264 2890 1
286 2836 321 2891 de
339 2837 430 2891 morbi
449 2841 525 2892 statu
550 2840 593 2908 Vl
611 2857 674 2894 cum
693 2840 716 2893 si
735 2841 868 2909 LVFG,
894 2841 1022 2895 cuicum
1041 2841 1196 2913 Ε112ριι-

179 2911 239 2963 teos
260 2911 309 2962 aut
328 2908 463 2963 cisternas
487 2910 529 2981 Vl
547 2911 696 2966 conueniet
713 2913 805 2983 ineps
819 2915 858 2982 115
877 2911 1004 2982 Ligninis
1020 2913 1056 2982 E,
1097 2914 1195 2969 arieti-

178 2979 232 3033 bus
251 2997 300 3034 cm.
319 2998 340 3049 s,
360 2980 503 3036 Cisternas
517 2982 716 3053 magnitudop
730 2986 738 3054 11
752 2999 786 3037 ea
802 2983 923 3037 cisterna
942 2985 985 3054 Vl
1002 2983 1048 3038 oui
1088 2985 1194 3041 electa-

180 3050 218 3103 ris
238 3053 266 3104 et
285 3051 330 3105 cui
349 3051 410 3106 suff.
426 3069 515 3107 omues
525 3061 636 3122 praeter
647 3071 693 3123 ps,
714 3053 900 3108 delectaueris
915 3056 946 3109 F
957 3057 995 3125 117
1015 3055 1144 3110 fussoriis
1160 3059 1192 3126 V,

180 3120 302 3175 fusioriis
321 3124 356 3192 F,
379 3123 505 3178 fossoriis
524 3125 561 3193 E,
585 3125 686 3179 fusoris
706 3125 743 3179 uo
765 3128 774 3194 11
798 3133 813 3179 9
833 3126 988 3180 cedendum
1007 3145 1025 3180 a
1046 3126 1049 3198 1
1073 3127 1196 3183 nitorem

181 3193 277 3247 SEus
289 3195 298 3262 11
313 3200 347 3247 10
364 3194 577 3264 perfrigandum
588 3197 612 3265 Q
625 3199 634 3265 11
649 3203 681 3249 12
701 3196 840 3266 similioQ
855 3197 959 3320 qmodo
973 3200 1038 3267 (pro
1053 3198 1140 3270 corio)
1155 3201 1194 3268 E,

181 3280 248 3316 cura
263 3281 285 3332 p
298 3266 307 3333 11
321 3264 449 3319 volentur
470 3266 493 3336 Q
515 3269 524 3336 11
549 3273 581 3319 17
602 3268 722 3321 cisterna
741 3270 838 3337 (supra
868 3271 928 3338 oco)
952 3268 994 3322 V²
1009 3272 1013 3338 1
1029 3271 1138 3324 tectum
1157 3273 1170 3325 ι’

183 3339 215 3386 18
235 3335 392 3388 succumbit
410 3337 441 3390 E
452 3339 462 3407 11
476 3336 642 3391 adhibemus
661 3339 689 3406 S,
712 3338 896 3392 adhibeamus
919 3340 949 3393 E
961 3342 969 3410 11
985 3345 1018 3393 19
1037 3340 1118 3394 lanas
1138 3343 1171 3396 Ε

182 3412 215 3459 20
235 3409 263 3460 et
281 3404 404 3475 piscinas
424 3425 501 3478 urps
517 3410 520 3477 1
538 3411 566 3462 et
583 3412 683 3478 puteos
702 3411 713 3462 ι’
729 3411 732 3481 1
749 3409 932 3464 resarciamus
951 3411 992 3465 V*
1015 3414 1024 3481 11
1047 3418 1079 3464 21
1104 3414 1195 3468 malte

182 3479 278 3546 (supra
296 3479 409 3546 genere)
428 3477 469 3531 V²
485 3479 488 3550 1
506 3481 535 3532 et
553 3478 577 3531 si
595 3481 607 3532 i
622 3483 626 3549 1
642 3479 727 3549 piscis
746 3481 773 3533 L
795 3483 805 3550 11
828 3487 861 3534 22
882 3481 997 3535 summis
1016 3483 1084 3551 LF,
1107 3486 1197 3540 sumis

184 3548 320 3618 QSGEU
335 3553 368 3600 24
388 3565 512 3616 quoques
531 3550 593 3602 LE
608 3551 611 3621 1
628 3550 736 3605 Dehinc
757 3551 874 3621 abigens
889 3552 919 3605 Ε
930 3555 940 3622 11
955 3559 987 3606 25
1007 3553 1147 3622 permixto
1170 3558 1197 3612 G
