2556 3942
170 153 212 251 16
591 185 761 240 Pnnnnnn

167 337 236 397 tem
265 331 508 416 septemtrionis
538 330 700 414 aspiciant
727 334 760 395 et
790 331 842 395 uel
873 334 1067 414 testaceum,
1098 330 1183 396 siout

169 444 269 505 supra
287 421 437 504 diximus,
456 419 617 503 accipiant
635 420 860 503 pauimentum
878 421 932 484 1111
952 441 1117 484 marmora
1130 421 1182 485 uel

170 515 311 575 tesseras
334 513 391 574 aut
410 509 564 590 scutulas,
588 507 707 592 quibus
727 510 861 592 aequale
880 509 1035 574 reddatur
1054 509 1182 593 angulis

169 599 391 682 lateribusque
406 597 598 664 coniunctis.
627 597 655 662 si
669 597 750 662 haec
764 598 909 681 deerunt,
928 619 1026 681 supra
1041 618 1184 662 marmor

170 693 282 752 tusum
296 691 447 753 cernatur
462 692 520 752 aut
533 687 655 750 harena
673 707 745 750 cum
761 687 848 752 calce
862 686 996 751 inducta
1009 685 1181 771 leuigetur.
1210 714 1221 753 1

415 916 474 981 DE
499 915 641 982 OALOE
664 915 723 980 ET
746 915 943 981 HARENA.

114 1046 146 1110 X
237 1043 411 1108 Praeterea
435 1042 517 1107 scire
541 1045 592 1107 est
615 1041 833 1107 necessarium
858 1040 1076 1124 construenti,
1102 1063 1184 1125 quae

170 1133 268 1197 calcis
293 1136 325 1196 et
348 1132 487 1196 harenae
511 1135 630 1195 natura
653 1131 697 1195 sit
720 1130 820 1194 utilis.
859 1132 999 1196 harenae
1023 1151 1102 1215 ergo
1121 1131 1186 1196 fos-

170 1222 267 1286 siciae
287 1242 407 1307 genera
427 1223 503 1284 sunt
522 1220 596 1301 tria,
618 1219 722 1305 nigra,
740 1219 823 1298 rufe,
842 1225 936 1284 cana:
961 1241 1072 1284 omnes
1093 1242 1185 1304 prae·

170 1311 292 1394 cipuae,
316 1309 389 1373 rufa
408 1309 533 1392 melior,
553 1308 663 1372 meriti
682 1308 848 1392 sequentis
867 1311 919 1372 est
938 1329 1028 1390 cana,
1047 1309 1183 1374 tertium
1200 1337 1223 1375 11

169 1400 277 1463 locum
295 1399 391 1484 nigra
409 1398 565 1482 possedit.
603 1420 642 1462 ex
660 1397 722 1478 his,
742 1418 823 1481 quae
843 1397 1065 1480 conprehensa
1087 1420 1185 1464 manu

169 1488 237 1552 edit
265 1488 435 1571 stridores,
470 1487 533 1551 erit
560 1486 652 1551 utilis
680 1486 864 1551 fabricanti.
909 1487 990 1550 item
1018 1486 1047 1550 si
1074 1509 1183 1570 panno

169 1577 221 1641 uel
254 1577 356 1641 linteo
386 1575 539 1640 candidae
567 1575 671 1640 uestis
699 1575 847 1659 inspersa
875 1579 907 1639 et
936 1596 1073 1639 excussa
1100 1575 1183 1640 nihil

124 1669 146 1732 2
170 1666 315 1730 maculae
339 1663 501 1746 relinquet
524 1668 582 1729 aut
605 1664 720 1748 sordis,
743 1664 874 1749 egregia
898 1667 957 1728 est.
995 1663 1051 1728 sed
1071 1664 1099 1728 si
1117 1664 1183 1729 fos·

170 1754 240 1818 silis
259 1753 382 1818 harena
399 1775 466 1817 non
485 1753 593 1837 fuerit,
612 1754 651 1817 de
669 1753 859 1818 fluminibus
879 1753 990 1838 glarea
1010 1757 1067 1816 aut
1085 1751 1185 1818 litore
1200 1781 1223 1820 15

170 1844 353 1928 colligetur.
389 1843 515 1906 marina
533 1844 655 1907 harena
675 1842 799 1906 tardius
820 1842 960 1907 siccatur
979 1844 1012 1905 et
1031 1841 1103 1906 ideo
1117 1864 1183 1907 non
1260 1869 1261 1876 ¹

171 1933 332 2015 continue,
359 1931 415 1995 sed
438 1930 634 1996 intermissis
658 1931 860 2015 temporibus
885 1931 1101 1996 construenda
1124 1936 1185 2015 est,

168 2043 210 2086 ne
238 2043 319 2105 opus
348 2026 484 2085 onerata
512 2023 713 2104 corrumpat:
742 2042 942 2084 camerarum
966 2041 1094 2103 quoque
1119 2023 1186 2084 tec-

170 2111 256 2176 toria
280 2110 365 2175 salso
389 2131 503 2174 umore
527 2109 687 2173 dissoluit.
725 2131 802 2173 nam
824 2108 954 2173 fossiles
978 2107 1125 2173 tectoriis
1150 2115 1186 2173 et

169 2199 307 2264 cameris
341 2199 438 2264 celeri
471 2197 619 2263 siccitate
651 2198 749 2262 utiles
782 2202 859 2263 sunt
891 2196 1121 2281 melioresque,
1155 2199 1185 2262 si
1201 2226 1225 2264 20
1261 2263 1262 2274 .

168 2289 297 2370 statim,
326 2310 399 2353 cum
428 2287 563 2352 effossae
593 2290 682 2370 sunt,
706 2287 912 2352 misceantur.
954 2307 1031 2350 nam
1055 2285 1185 2352 diutino

169 2377 238 2442 sole
262 2381 320 2440 aut
343 2377 460 2460 pruina
483 2379 541 2440 aut
564 2375 668 2439 imbre
687 2379 874 2441 uanescunt.
912 2373 1061 2440 fluuiales
1081 2378 1187 2441 tecto·

241 2557 256 2602 2
278 2549 417 2619 aspiciant
436 2551 462 2604 V
473 2553 512 2620 113
531 2553 654 2604 tesseras
669 2550 705 2617 E,
725 2553 844 2603 tesseres
862 2551 874 2602 i
890 2551 894 2620 1
910 2549 957 2603 uel
976 2552 1040 2618 (pro
1059 2552 1119 2619 aut)
1138 2569 1157 2604 a
1181 2551 1185 2624 1

168 2620 306 2675 scultulas
325 2622 355 2674 E
381 2624 390 2691 11
417 2629 433 2676 4
452 2620 589 2675 lateribus
610 2619 679 2675 coni.
701 2622 749 2688 ΕΙ
766 2637 849 2690 super
868 2621 896 2674 V
914 2622 923 2690 11
947 2625 963 2674 b
985 2623 1127 2674 sternatur
1146 2623 1158 2675 a'
1177 2623 1188 2695 11

171 2697 187 2744 7
206 2694 249 2746 111
268 2690 339 2746 11111
353 2693 384 2746 Ε
395 2697 434 2761 118
453 2691 584 2746 fossiciae
601 2709 651 2746 om.
667 2692 697 2745 E
709 2694 719 2761 11
733 2699 748 2746 9
764 2708 835 2745 cana
848 2691 912 2745 rufa
926 2691 1019 2761 (ruffa)
1035 2693 1158 2763 Tiacye
1182 2697 1185 2766 1

170 2779 265 2818 omnes
292 2763 447 2833 praecipua
469 2765 508 2832 L,
538 2781 597 2818 oms
624 2763 776 2833 praecipue
801 2765 833 2830 T,
861 2779 956 2818 omnes
979 2763 1130 2832 praecipue
1154 2782 1187 2833 p,

168 2835 299 2888 omnibus
317 2835 486 2906 praecipuae
506 2836 537 2903 V,
556 2833 685 2890 omnibus
707 2834 858 2904 praecipue
877 2834 942 2903 SG,
966 2833 1096 2888 omnibus
1119 2835 1189 2890 rufa

167 2906 319 2976 praecipue
338 2908 379 2975 E,
404 2907 528 2960 omnium
552 2905 703 2976 praecipue
722 2907 815 2976 iccpe
837 2910 846 2974 11
871 2911 902 2958 11
922 2904 1048 2974 possidet
1071 2906 1192 2960 VSTF

171 2978 329 3049 GEe'aepa
344 2981 348 3049 1
365 2995 399 3032 ex
412 2977 448 3032 iis
462 2995 539 3048 ocps
555 2981 559 3050 1
576 2993 735 3046 compressa
749 2995 825 3047 acps
839 2980 848 3048 11
863 2983 896 3030 1⁶2
911 2976 1031 3030 stridore
1046 2976 1120 3030 sedit
1134 2979 1163 3031 L
1182 2979 1186 3051 1

168 3047 248 3101 utilis
268 3049 321 3102 erit
339 3051 370 3104 E
391 3052 400 3119 11
424 3055 456 3102 13
475 3048 564 3103 linteo
583 3047 630 3101 uel
648 3065 742 3117 panno
761 3048 817 3102 SE
845 3049 849 3119 1
874 3048 1001 3118 inpressa
1022 3047 1084 3101 GE
1107 3052 1111 3118 1
1138 3066 1189 3104 ex-

168 3135 238 3174 cusa
260 3120 287 3172 L
309 3123 318 3190 11
343 3126 376 3175 14
394 3120 505 3174 macule
528 3121 555 3174 L
580 3121 583 3188 1
608 3119 730 3187 relinqui
757 3120 792 3189 11,
819 3118 955 3187 relinquit
975 3120 1006 3186 Τ,
1034 3117 1189 3188 reliquerit

169 3192 297 3260 Eiuepa
320 3194 329 3261 11
353 3198 386 3245 15
406 3192 440 3245 de
459 3190 621 3244 fluminibus
642 3193 691 3244 aut
709 3191 807 3261 glarea
824 3189 1125 3261 LQVSTFGEac,
1150 3192 1189 3246 de

169 3260 331 3314 fluminibus
355 3263 429 3334 [aut]
454 3263 551 3332 glarea
569 3279 604 3332 ps
627 3264 636 3331 11
661 3267 693 3316 16
713 3265 883 3331 congeratur
901 3261 933 3329 S,
958 3260 1108 3329 colligatur
1128 3263 1161 3316 Ε
1179 3263 1190 3335 11

171 3331 357 3386 1711111111
378 3335 421 3404 111
437 3333 564 3387 intermis
583 3334 613 3386 Ε
625 3336 634 3402 11
658 3339 691 3385 18
710 3334 847 3387 honerata
866 3334 893 3387 V
907 3335 916 3402 11
941 3338 974 3386 19
993 3331 1103 3386 fossiles
1123 3350 1189 3388 are-

169 3421 224 3458 nae
242 3405 336 3473 11191
351 3407 355 3471 1
372 3404 540 3458 dementitiis
558 3403 714 3473 parietibus
729 3407 794 3473 (pro
807 3403 944 3473 tectoriis)
958 3421 1018 3474 aeq
1034 3405 1037 3474 1
1055 3406 1083 3457 11
1098 3405 1189 3460 celeri

168 3474 293 3599 piccipati
307 3474 334 3526 L
344 3475 394 3528 Vs
399 3475 424 3528 Y
428 3476 458 3528 F
463 3476 524 3529 GE
528 3518 534 3543 ,
554 3477 583 3528 et
597 3474 695 3528 celeris
711 3474 834 3528 siccitati
847 3475 871 3544 Q
884 3478 893 3545 11
907 3481 939 3528 21
956 3474 1029 3528 calci
1042 3475 1189 3531 miscean-

182 3563 215 3598 ur
266 3563 343 3616 ceps
