2538 3942
462 219 580 276 AGRIC.
594 221 620 275 X
634 227 721 275 9-12
1030 220 1096 286 205

92 389 201 434 rursus
225 370 389 451 aequetur.
425 389 503 432 nam
525 371 620 451 prata
643 367 769 431 sterilia
791 367 981 451 plerumque
1005 389 1096 432 arare

91 454 269 524 conueniet.
315 457 371 521 sed
398 455 434 520 in
459 477 546 521 nouo
573 458 669 541 prato
691 477 772 539 rapa
794 476 961 521 conserere
984 477 1097 540 possu-

90 568 174 630 mus,
206 566 344 629 quorum
375 566 481 610 messe
513 543 608 609 finita
634 547 755 630 oeters,
787 565 868 628 quae
896 545 984 611 diota
1011 549 1097 630 sunt,

91 655 290 719 exequemur.
321 633 440 698 uioiam
458 637 569 698 tamen
587 632 654 698 feni
671 632 850 698 seminibus
869 633 1007 699 mixtam
1020 639 1096 718 post

65 723 169 791 shaeo
192 742 391 808 spargemus.
428 722 529 808 rigari
549 744 637 808 uero,
660 726 835 806 antequam
855 722 970 786 durum
990 722 1097 787 solum

89 811 215 897 fecerit,
242 832 308 876 non
336 811 480 894 debebit,
506 831 547 875 ne
575 811 644 876 eius
673 814 795 876 erstem
823 811 930 875 minus
960 811 1097 875 solidam

87 902 139 966 uis
161 899 305 966 interflui
329 904 517 985 corrumpat
539 900 672 965 umoris.

272 1130 332 1196 Du
356 1127 583 1197 VINDEMIA
607 1128 915 1196 CELEBRANDA.

152 1254 226 1320 Hoo
250 1276 359 1320 mense
382 1255 463 1320 loeis
486 1255 604 1340 tepidis
628 1253 865 1339 maritimisque
888 1253 1080 1319 celebranda
1104 1250 1152 1317 XI

51 1344 253 1412 rouindemia
280 1347 344 1429 est,
370 1343 499 1430 frigidis
528 1343 723 1427 adparando.
767 1343 802 1407 in
829 1342 926 1408 doliis
951 1341 1098 1428 pieandis

86 1435 140 1500 hia
172 1433 289 1498 modus
322 1433 400 1517 erit,
436 1437 474 1497 ut
506 1432 630 1497 dolium
662 1433 875 1497 ducentorum
908 1432 1099 1518 eongiorum

86 1522 258 1588 duodecim
285 1521 378 1586 libris
405 1521 533 1606 pieetur
560 1525 594 1586 et
621 1521 735 1586 deinde
761 1543 821 1605 pro
845 1520 980 1585 minoris
1004 1521 1099 1585 aesti-

87 1612 232 1676 matione
256 1610 426 1676 subducas.
464 1611 520 1675 sed
538 1610 761 1675 maturitatem
780 1609 962 1674 uindemiae
981 1631 1099 1696 eogno-

88 1701 210 1767 soimus
239 1699 301 1765 hoo
327 1720 457 1785 genere:
486 1699 514 1764 si
537 1721 690 1784 expressa
711 1721 776 1763 uua
798 1697 936 1783 uinaeia,
959 1720 1041 1782 quae
1064 1699 1100 1763 in

51 1790 192 1856 reatinis
216 1787 372 1872 celantur,
394 1789 457 1853 hoo
481 1792 533 1853 est
555 1809 666 1875 grana,
689 1788 756 1852 sint
777 1786 869 1852 fusca
893 1791 926 1852 et
944 1787 1100 1852 nonnulla

86 1877 324 1963 propemodum
339 1935 343 1942 .
356 1877 468 1963 nigra:
505 1897 602 1962 quam
635 1897 703 1941 rem
735 1876 894 1941 naturalis
927 1875 1099 1940 maturitas

87 1967 179 2033 facit.
209 1965 433 2051 diligentiores
453 1966 595 2050 optimae
615 1986 707 2031 cerae
721 1965 756 2029 in
769 1964 889 2051 uiginti
902 1964 984 2049 piois
998 1964 1099 2029 libras
1123 1964 1143 2028 2

87 2077 189 2121 unam
210 2054 329 2120 libram
352 2055 500 2140 miscent,
523 2077 604 2139 quae
628 2057 661 2119 et
679 2054 771 2119 odori
789 2053 920 2139 proficit
938 2057 971 2118 et
991 2053 1100 2138 sapori

89 2149 122 2209 et
141 2145 248 2230 picem
267 2144 405 2209 lenitate
422 2143 625 2230 permulcens
644 2141 822 2228 frigoribus
841 2163 913 2205 eam
930 2162 997 2206 non
1014 2140 1101 2226 pati-

50 2259 75 2298 so
89 2236 145 2298 tur
172 2232 323 2297 dissilire.
368 2233 451 2317 picis
478 2236 588 2297 tamen
618 2237 719 2318 gustu
746 2230 943 2316 exploranda
966 2230 1100 2296 duloedo

91 2325 157 2408 est,
181 2322 259 2406 quia
282 2343 377 2407 saepe
400 2322 478 2386 uina
500 2321 570 2387 eius
593 2319 808 2386 amaritudine
830 2318 998 2384 uitiantur.

89 2514 151 2582 Ι)Ε
175 2513 341 2583 PANIOO
364 2516 423 2582 ΕΤ
446 2514 572 2582 MILIO
596 2513 824 2582 METENDIS
849 2514 905 2580 ΕΤ
928 2513 1100 2581 stanno

167 2623 229 2690 ΑΙ)
252 2620 402 2690 ΕὸΟΑΜ
424 2621 631 2688 SERENDO
655 2622 713 2688 ΕΤ
736 2619 1024 2688 ADPARANDIS

490 2727 708 2796 AVOVPIIS.

48 2879 75 2920 ss
157 2855 253 2921 Nune
268 2853 462 2939 quibusdam
476 2853 557 2918 loeis
566 2853 718 2938 panicum
733 2857 875 2918 metetur
887 2858 921 2919 et
936 2852 1071 2917 milium.
1090 2849 1155 2916 XII

94 2948 241 3031 tempore
264 2944 327 3009 hoo
350 2942 471 3008 faselus
495 2944 536 3007 ad
559 2965 666 3008 eseam
690 2947 824 3008 seratur.
866 2962 951 3006 nuno
972 2940 1007 3004 in
1026 2940 1103 3004 ami-

165 3161 180 3210 2
199 3156 230 3209 in
248 3156 332 3225 prato
350 3137 537 3223 nouorapam
550 3154 581 3206 E
593 3155 632 3223 113
652 3169 712 3208 esse
726 3153 801 3222 Vna
821 3151 906 3206 debet
919 3151 950 3204 E
962 3153 971 3221 Η
986 3156 1000 3204 ‘1
1018 3150 1104 3206 inter-

94 3230 207 3298 rumpat
216 3227 247 3280 E
259 3229 269 3296 ΙΙ
284 3231 318 3280 10
332 3224 363 3277 in
377 3223 460 3279 doliis
474 3223 602 3294 pioandis
611 3231 727 3294 stupeat
740 3224 789 3277 sed
802 3221 995 3276 maturitatem
1009 3230 1055 3278 ete.
1069 3223 1104 3295 el]

98 3301 131 3349 12
144 3298 297 3368 proicietur
312 3296 338 3352 G
353 3303 357 3365 Ι
374 3299 403 3351 et
417 3313 467 3351 orn.
482 3297 552 3367 iope
568 3297 572 3368 Ι
588 3294 770 3350 extimatione
783 3295 795 3348 e'
808 3296 817 3364 Η
832 3299 864 3347 17
879 3293 986 3364 optimo
1001 3310 1102 3348 carere.

97 3442 132 3490 21
150 3439 245 3495 uitiari
258 3439 349 3495 solent
363 3440 400 3508 Ε,
415 3438 574 3493 amaritudo
591 3436 775 3505 eorrumpitp
788 3439 797 3506 11
811 3442 845 3490 22
887 3435 1012 3489 ΑΝΙΤΙΟ
1027 3435 1083 3489 SE

97 3513 134 3561 23
151 3509 378 3566 APPARENDIS
396 3507 549 3564 AUGUPIS
565 3510 627 3564 Ea
640 3511 649 3577 ΙΙ
664 3513 696 3561 25
715 3506 848 3575 punicum
867 3508 898 3575 V,
917 3504 1060 3576 panicium
1096 3548 1103 3573 ‚

95 3582 234 3648 panitium
252 3584 283 3638 Ε
293 3585 304 3652 ΙΙ
318 3587 353 3636 26
370 3580 400 3635 in
420 3579 553 3634 amitibus
571 3597 621 3635 om.
638 3597 659 3647 p

95 3365 167 3422 Iul?
180 3372 185 3440 Ι
200 3385 281 3425 oerae
295 3385 346 3424 om.
356 3369 387 3422 Ε
401 3370 405 3437 Ι
421 3367 518 3422 desem
531 3368 623 3438 iaeys
636 3370 646 3438 u
661 3372 693 3420 19
709 3365 830 3419 sanitate
836 3365 1063 3490 plppermisoene
1074 3363 1104 3561 ΞΗ
