2524 3946
442 193 734 250 Auamma-25
1051 197 1094 260 99

80 339 189 424 pirum
211 339 333 425 plantis
358 361 465 406 serere
487 361 589 425 prope
612 341 725 405 tardus
744 343 880 405 euentus
898 344 962 406 est:
985 344 1103 406 tamen

83 429 200 513 quibus
227 429 291 494 hoo
316 428 439 514 placet,
466 433 505 493 ut
532 428 658 494 semine
681 449 839 513 generosa
862 429 945 494 nihil
969 430 1034 495 sibi
1056 430 1104 494 de·

80 518 204 604 agresti
227 518 405 602 asperitate
427 517 655 603 permisceant,
676 518 808 603 plantas
831 518 938 583 bimas
964 523 1022 584 aut
1039 518 1098 583 tri-

79 629 149 672 mas
174 629 212 672 eo
236 628 341 692 more,
370 629 435 691 quo
460 608 550 672 oleae
573 610 754 690 ponuntur,
782 606 944 672 radicatas
968 608 1097 694 magnis

57 697 254 762 sscrobibus
277 700 411 780 ponant,
435 718 534 780 supra
557 699 680 759 terram
701 695 809 760 tribus
830 695 915 760 aItas
933 697 987 761 uel
1007 699 1098 781 quat

79 789 156 850 tuor
184 784 338 869 pedibus,
365 807 503 870 quarum
532 784 640 849 decisa
663 784 831 849 cacumina
853 785 970 870 argilla
993 785 1097 849 mixte
1139 792 1142 818 ⁹

77 895 211 939 muscus
239 873 336 938 debet
365 874 500 958 operire.
546 895 630 954 nam*
651 873 680 937 si
708 873 782 958 quis
809 872 955 956 pirorum
986 894 1097 938 samen

76 965 249 1048 aspergat,
271 963 365 1027 nasci
390 962 520 1046 quidem
539 983 670 1027 necesse
690 966 740 1026 est
759 961 920 1048 originem
938 983 1031 1027 suem
1050 982 1097 1025 re·

75 1052 212 1118 iouente
235 1055 363 1134 natura,
387 1051 478 1116 cuius
504 1051 692 1116 aeternitati
714 1051 806 1115 nulla
828 1050 967 1116 tarditas
986 1055 1097 1134 potest
1146 1061 1149 1072 '

39 1168 63 1207 ιο
76 1161 189 1206 creare
208 1139 387 1204 fastidium.
420 1141 477 1205 sed
494 1139 621 1205 homini
638 1139 703 1205 hoo
717 1143 865 1223 spectare
880 1140 1097 1244 longinquum

74 1234 136 1315 est,
163 1251 237 1294 cum
263 1233 297 1293 et
321 1229 552 1294 seroueniant
575 1232 608 1294 et
631 1228 670 1292 de
693 1227 822 1313 generis
844 1230 1019 1294 nobihtate
1043 1229 1097 1292 de-

74 1320 206 1384 cedant.
243 1317 360 1383 melius
379 1338 458 1403 ergo
476 1317 541 1382 hoc
558 1339 669 1382 mense
687 1318 857 1382 nouembri
874 1318 942 1402 fiet,
959 1323 999 1383 ut
1011 1317 1099 1401 piro·
1119 1320 1140 1384 3

74 1431 151 1472 rum
171 1407 304 1490 plantas
319 1406 483 1472 radicatas
500 1428 646 1472 seramus
661 1407 840 1492 agrestium
855 1408 1000 1472 subactis
1015 1406 1096 1470 b'cne

78 1496 265 1578 scrobibus,
281 1499 329 1579 ut,
347 1495 674 1580 comprehenderint,
689 1495 883 1560 inserantur.
910 1496 973 1561 hoc
987 1499 1096 1561 eutem
1138 1503 1146 1561 .'

37 1613 59 1652 1⁵
74 1586 229 1669 interest,
253 1585 348 1668 quod,
371 1606 454 1671 quae
476 1584 600 1669 plantis
623 1585 691 1648 suis
710 1588 871 1667 senmtur,
894 1584 1095 1651 dulcedinem

73 1697 110 1740 ac
120 1673 378 1738 teneritudinem
396 1677 539 1758 seruant,
554 1672 609 1737 diu
620 1676 730 1738 tamen
745 1677 876 1737 seruata
889 1696 954 1738 non
964 1676 1096 1759 durant:

71 1764 177 1828 insita
201 1783 279 1827 uero
302 1783 429 1827 moram
447 1761 605 1846 temporis
626 1761 843 1826 sustinebunt.
881 1763 989 1847 spatia
1006 1763 1095 1826 inter

70 1855 168 1938 piros
195 1850 335 1936 triginta
361 1852 481 1936 pedum
508 1872 661 1916 mensura
686 1850 859 1915 discernet.
905 1872 1007 1937 genus
1030 1850 1094 1915 hoo

72 1939 216 2025 arboris,
238 1943 276 2004 ut
297 1939 458 2024 proficiet,
482 1939 647 2024 frequenti
669 1961 782 2004 umore
806 1943 840 2004 et
863 1939 1006 2005 adsiduis
1029 1939 1094 2003 fos·
1143 1961 1145 1968 ·

35 2029 226 2096 rosionibus
256 2033 307 2093 est
334 2029 506 2094 colendum
532 2027 753 2113 usqueadeo,
780 2032 818 2093 ut
840 2032 1000 2113 tempore,
1028 2049 1093 2111 quo

71 2121 194 2185 florere
213 2116 393 2202 consueuit,
410 2118 495 2182 nihil
513 2118 683 2202 perditura
702 2117 852 2182 credatur
869 2118 907 2181 de
926 2117 1005 2181 flore
1020 2137 1093 2199 pro

69 2209 159 2290 lato,
186 2206 215 2272 si
240 2228 313 2271 eam
335 2210 414 2272 tunc
436 2206 545 2271 fossor
568 2206 739 2270 adiuuerit.
785 2206 927 2270 multum
949 2203 1091 2289 proficis,
1113 2207 1136 2271 4

71 2298 101 2362 si
135 2296 308 2360 interiecto
341 2317 440 2378 anno,
474 2295 568 2379 quale
599 2295 694 2377 libet,
726 2294 888 2358 laetamen
917 2295 1090 2378 adiungas:

71 2386 130 2451 sed
151 2384 312 2450 bubulum
330 2382 473 2449 creditur
491 2383 597 2468 spisse
616 2388 650 2448 ct
668 2381 783 2469 grauia
801 2404 900 2467 poma
922 2404 1087 2468 generare.

32 2500 56 2541 rs
70 2472 178 2559 aliqui
202 2473 343 2538 cinerem
366 2473 506 2538 miscent
528 2473 694 2539 credentes
717 2472 795 2536 hinc
813 2473 964 2537 contrahi
981 2471 1090 2556 pomis

147 2706 165 2754 2
184 2700 224 2755 sic
238 2716 293 2770 pro
310 2700 364 2754 hoc
379 2716 401 2769 p
417 2704 420 2770 1
436 2698 545 2771 placuit
558 2698 684 2771 Fiecqs
699 2701 704 2770 1
719 2717 786 2754 nam
800 2715 855 2769 pro
868 2703 902 2755 ut
911 2718 933 2770 p
945 2704 985 2772 113
1003 2700 1087 2754 binas

71 2775 124 2828 aut
142 2771 232 2826 trinas
252 2772 283 2825 Ε
304 2773 313 2841 11
335 2777 353 2826 4
371 2771 447 2839 quod
464 2771 492 2826 L
508 2772 512 2842 1
533 2770 646 2825 radicas
667 2771 691 2842 Q
712 2772 722 2840 11
745 2776 760 2825 6
779 2774 889 2841 ponunt
907 2773 934 2825 V
955 2774 959 2844 1
983 2774 1088 2826 terram

71 2863 124 2900 om.
136 2844 169 2898 Ε
182 2846 186 2913 1
203 2845 253 2898 eut
262 2842 293 2896 E
304 2845 313 2912 11
328 2848 344 2897 8
359 2845 494 2912 aspergat
504 2843 561 2896 PL
571 2843 603 2910 V,
617 2844 750 2912 aspergat
764 2843 843 2898 ceteri
858 2843 862 2914 1
878 2845 1040 2897 remouente
1049 2844 1086 2912 E,

70 2917 190 2986 repente
205 2916 259 2984 1).ss
274 2919 308 2968 10
327 2930 443 2968 causare
461 2915 481 2982 i,
500 2912 599 2968 afferre
618 2916 714 2985 copel
731 2930 861 2984 speccare
882 2913 917 2983 Q,
938 2916 1087 2984 expectare

71 2989 186 3057 Eocqe
201 2987 205 3057 1
220 2986 337 3055 longum
354 2985 404 3055 ΕΙ
420 3002 506 3054 quum
524 2987 568 3039 est
586 3001 650 3038 eum
668 2985 711 3054 Ρ1
731 2990 763 3038 11
784 2983 900 3040 uenient
919 2985 965 3054 1111
985 2990 1019 3038 12
1038 3002 1087 3039 no·

71 3055 199 3113 uembris
217 3057 249 3111 E
273 3060 283 3127 11
311 3062 345 3111 14
363 3055 617 3126 conprehenderint
634 3056 692 3110 PL
730 3056 795 3124 ΤΡ,
819 3072 920 3125 compr.
944 3055 998 3125 Gi,
1022 3072 1087 3110 cum

71 3127 331 3199 conprehenderint
349 3127 404 3194 Vs,
424 3125 687 3198 comprehenderint
704 3127 735 3181 E
755 3129 765 3197 11
788 3132 821 3179 16
840 3128 905 3180 tene
924 3125 1018 3181 dinem
1038 3128 1085 3195 8¹,

70 3200 132 3254 ritu
150 3217 238 3269 repro
256 3199 302 3268 S’,
322 3197 483 3254 acredinem
500 3199 537 3266 Ε,
556 3198 737 3254 tenentetem
754 3215 832 3268 coya
848 3200 851 3266 1
868 3199 1022 3253 seruabant
1036 3215 1059 3268 p
1076 3200 1086 3270 11

73 3278 108 3326 18
127 3270 291 3325 discernent
311 3271 357 3340 Ql
375 3275 410 3324 20
429 3286 499 3339 quos
518 3270 564 3341 Vl
577 3275 610 3322 21
630 3269 675 3323 nil
693 3269 715 3324 S
721 3270 780 3339 1Ε1
800 3267 936 3339 perdatur
953 3286 987 3324 ac
1005 3271 1086 3324 rade-

71 3347 120 3425 tur
144 3343 171 3398 V
199 3343 208 3412 11
239 3347 272 3396 22
295 3341 385 3396 forsor
406 3343 434 3396 L
462 3344 540 3466 11123
562 3340 720 3425 intergecto
742 3340 774 3393 E
807 3341 810 3410 1
845 3340 1010 3408 quedelibet
1035 3339 1059 3408 Q

72 3414 194 3484 adroges
229 3413 255 3468 G
299 3416 309 3482 1
349 3417 383 3467 14
415 3429 461 3467 cre
492 3415 540 3466 tur
575 3417 704 3468 malaca
739 3426 830 3466 mance
857 3419 969 3481 praeter
999 3411 1055 3464 SE

71 3500 312 3627 {ppreepgpeipoma
324 3484 362 3554 E,
380 3499 515 3554 generare
532 3483 622 3538 fertur
637 3484 662 3536 Τ
667 3483 745 3550 Ges,
764 3497 898 3551 generare
913 3481 1025 3554 [fertur]
1040 3497 1083 3550 cy,

890 3639 924 3694 7⁸
