2538 3942
471 209 588 266 Acme.
603 209 629 264 X
643 216 713 266 3-8
1031 211 1098 276 203

384 409 443 474 DE
466 406 563 476 PISO
588 406 805 477 SERENDO.

153 533 225 600 Hoc
252 555 362 599 mense
389 538 555 618 postremo
583 535 692 620 pisum
720 555 863 600 sciemus
888 539 976 600 terre
994 532 1083 599 facili
1102 531 1150 600 VI

94 626 123 687 et
139 623 248 689 soluta
265 624 338 689 loco
357 623 481 708 tepido:
501 623 590 688 caelo
609 623 790 688 delectatur
807 627 946 689 umecto.
982 623 1097 709 iugero

94 715 245 795 quattuor
266 712 393 778 modios
416 712 470 777 uel
493 715 561 777 tres
584 712 743 797 sparsisse
767 711 916 777 sufficiet.

69 948 79 988 s
123 922 184 990 DE
210 922 369 990 SISAMO
393 921 602 990 SERENDO
625 923 683 990 ET
705 921 1061 990 PROSOINDENDIS

362 1029 495 1097 AGRIS
519 1030 580 1097 AD
604 1029 823 1098 MEDICAM.

150 1153 248 1221 Nune
271 1155 429 1221 sisamum
452 1160 579 1221 seretur
600 1155 689 1241 putri
713 1156 784 1221 solo
804 1156 856 1220 uel
875 1153 1052 1241 pinguibus
1085 1151 1151 1219 VII

88 1242 217 1309 harenis
238 1243 292 1309 uel
310 1249 398 1310 terra
416 1245 625 1332 congesticia.
662 1243 776 1330 iugero
796 1248 952 1328 quattuor
969 1242 1023 1308 uel
1042 1264 1099 1308 sex

89 1333 248 1400 sextarios
262 1333 385 1399 senisse
399 1333 580 1400 conueniet.
607 1334 670 1399 hoc
684 1354 795 1399 mense
810 1338 977 1418 postremo
992 1332 1098 1416 prima

53 1421 154 1488 unice
179 1442 278 1507 agros
301 1422 556 1508 proscindemus,
581 1423 637 1507 qui
660 1421 807 1488 habituri
830 1425 908 1488 sunt
930 1421 1098 1487 medicam.

85 1633 142 1700 DE
166 1631 292 1701 VIOIA
319 1634 377 1700 ΕΤ
403 1633 523 1701 FENO
549 1633 727 1701 GRAECO
756 1634 813 1701 ΕΤ
835 1632 1097 1701 EARRAGINE

484 1739 702 1808 SERENDO.

148 1865 248 1933 Nunc
265 1866 368 1932 uicies
386 1866 493 1951 prima
512 1867 595 1933 satio
615 1871 666 1932 est
685 1871 717 1932 et
735 1866 802 1931 feni
821 1866 939 1952 graeci,
963 1886 1037 1931 cum
1068 1863 1149 1930 VIII

84 1956 198 2038 pabuli
222 1977 320 2021 causa
344 1959 504 2021 seruntur.
540 1955 644 2021 niciae
668 1959 793 2041 septem
817 1956 918 2020 modii
936 1955 1096 2041 iugerum,

50 2069 71 2108 1⁵
84 2067 184 2130 aeque
214 2048 247 2110 et
273 2044 340 2110 feni
368 2045 477 2132 graeci
505 2065 617 2110 semen
642 2044 790 2130 inplebit.
837 2043 967 2130 farrago
996 2043 1097 2108 etiam

82 2134 154 2200 loco
178 2133 321 2200 restibili
345 2137 526 2200 stercorato
550 2134 683 2199 seritur:
712 2132 826 2199 hordei
855 2131 1037 2197 cantherini
1061 2131 1096 2195 in

81 2222 197 2310 iugero
226 2223 338 2288 decem
364 2222 492 2288 modios
520 2221 704 2308 spargimus
734 2220 820 2287 circa
843 2219 1097 2305 aequinoctium,

81 2314 117 2375 ut
140 2315 219 2378 ante
242 2310 382 2376 hiemem
406 2311 621 2377 conualescut.
659 2312 687 2376 si
706 2310 837 2396 depasci
856 2309 985 2395 saepius
1004 2309 1096 2394 uelis,

80 2423 184 2486 usque
210 2399 246 2464 in
268 2399 389 2466 maium
412 2421 557 2466 mensem
577 2401 647 2465 eius
670 2403 805 2486 pastura
827 2398 975 2465 sufficiet.
1009 2397 1095 2482 quod

47 2491 109 2554 rosi
141 2513 183 2556 ex
217 2511 255 2555 ea
282 2489 382 2555 etiam
411 2511 522 2555 semen
550 2489 709 2576 redigere,
741 2510 844 2572 usque
882 2489 921 2553 ad
959 2487 1095 2553 martius

82 2578 234 2645 calendas
259 2583 292 2644 et
314 2578 428 2644 dehinc
451 2600 569 2663 pecora
592 2577 791 2662 prohibebis.

154 2823 453 2879 5ET—MEDIOAM
476 2824 557 2879 onai
583 2826 588 2893 Ι
620 2822 756 2878 tseritur
776 2824 847 2894 icus
909 2821 1023 2893 putrido
1044 2820 1097 2892 Gi

81 2901 97 2950 8
121 2895 291 2981 corrgestiua
314 2896 346 2950 E
370 2898 380 2965 ΙΙ
408 2901 441 2949 10
469 2894 524 2950 Tit.
619 2911 707 2964 orrup
734 2897 744 2965 ΙΙ
772 2900 803 2948 11
832 2894 856 2947 Ε
909 2899 972 2948 unte
999 2890 1089 2994 EENl

80 2966 337 3108 scurribus,
350 2963 930 3108 tesshrssstttthttbtth
944 2962 1098 3116 hirti

82 3116 115 3163 16
135 3109 273 3179 sterilia,
293 3127 343 3164 oon.
360 3127 381 3180 p
401 3109 405 3181 t
425 3109 530 3164 hordeo
549 3107 694 3163 canterino
712 3108 771 3162 PL
779 3106 947 3162 VSE¹TF
968 3106 972 3178 t
991 3106 1098 3187 ,hordei

80 3180 287 3252 -prohibebis
306 3197 390 3251 emp
410 3182 414 3252 t
440 3179 538 3260 inum.
553 3197 589 3252 cp
611 3181 622 3262 ΙΙ
645 3186 677 3234 17
696 3177 825 3249 iugerum
845 3178 871 3231 T
893 3177 897 3248 Ι
921 3177 1024 3231 modus
1043 3178 1070 3232 L
1090 3177 1095 3250 Ι

80 3269 249 3324 spargemus
265 3252 313 3322 θΙΙ
329 3257 362 3306 18
381 3252 481 3322 depaor
496 3252 527 3306 F
537 3255 547 3323 tt
561 3257 595 3305 19
613 3269 644 3305 ιιι
661 3249 769 3304 Maium
787 3250 986 3329 mensem-et
1000 3251 1098 3303 stetim

81 3323 370 3394 (11‚12‚7)0m.F.
405 3323 446 3390 Of.
466 3324 556 3392 praefi
585 3325 594 3393 Η
621 3328 655 3376 20
679 3337 774 3375 semen
794 3321 992 3391 chamierus
1021 3321 1025 3391 Ι
1054 3335 1097 3374 re-

81 3395 142 3450 dire
164 3395 212 3466 ΕΙ
231 3395 267 3448 ad
285 3393 404 3449 Martias
423 3392 532 3465 spargis
551 3393 695 3449 Kalendas
713 3392 735 3447 S
