2556 3942
121 202 150 256 X
526 199 738 254 PRAEFATIO.

128 354 298 430 chartacea,
321 372 399 412 anno
419 350 531 410 Christi
552 353 637 410 1414
661 353 792 428 exarata,
814 351 959 410 Varronis
978 351 1014 410 de
1037 351 1139 410 eodem

127 445 306 520 argumento
334 441 445 499 librum
477 440 602 500 tertium
630 439 832 516 amplectitur.
877 440 909 498 in
935 440 992 500 boc
1020 439 1139 515 quidem

125 531 226 591 codice
250 530 381 589 Palladii
403 549 464 589 uno
482 529 569 588 tituli
588 532 658 588 ante
677 529 798 606 singula
820 529 921 605 capita
941 528 1042 589 omissi
1061 532 1138 590 sunt.

124 621 204 679 inest
227 622 330 678 autem
352 637 460 678 manus
484 618 614 677 secunda
637 636 672 676 ac
689 617 792 693 plures
813 617 1011 677 inveniuntur
1028 637 1138 678 correc-

127 712 215 767 turae
240 710 331 782 atque
354 706 612 783 interpolationes
636 725 712 781 quas
735 706 826 766 codex
849 706 953 766 Snon
973 706 1072 766 babet.

193 797 250 856 Est
264 797 393 872 denique
411 796 444 855 in
463 795 567 855 eodem
585 815 691 872 genere
709 795 912 854 numerandus
931 795 1022 856 codex
1035 797 1068 854 F
1081 796 1100 854 i.
1115 815 1140 855 5.

124 885 320 945 Florentinus
348 886 410 945 sive
437 884 660 944 Laurentianus
688 887 745 960 47,
775 886 853 962 433,
886 884 1139 963 membranaceus,

75 1006 79 1016 v
127 993 221 1034 manu
251 975 394 1051 scriptus,
425 973 537 1032 saeculi
563 972 650 1050 XIII,
679 973 822 1032 foliorum
848 972 1060 1048 inscriptorum
1089 976 1140 1050 57,

125 1063 335 1123 columnarum
366 1066 398 1140 2,
430 1080 573 1122 versuum
604 1064 661 1139 36,
693 1062 807 1121 formae
838 1081 932 1138 paene
966 1063 1140 1140 quadratae,

126 1171 218 1227 quem
240 1151 413 1212 Florentiae
435 1170 536 1210 mense
559 1151 648 1226 aprili
676 1150 747 1208 anni
772 1153 856 1210 1875
886 1151 1008 1210 contuli.
1055 1151 1140 1210 ouius

126 1241 273 1316 postremi
303 1240 372 1300 folii
400 1240 550 1316 scriptura
576 1239 622 1297 ita
649 1239 786 1317 evanuit,
816 1241 853 1298 ut
875 1240 926 1300 vix
952 1239 1014 1317 legi
1035 1241 1140 1316 possit.

124 1332 217 1404 atque
240 1329 346 1388 insunt
368 1329 483 1388 multae
505 1327 761 1403 interpolationes

193 1417 344 1488 Quartum
366 1436 461 1496 genus
490 1421 536 1476 est
562 1417 606 1494 id,
637 1417 723 1475 cuius
753 1416 869 1476 codices
898 1417 1021 1476 licentia
1048 1419 1140 1492 atque

125 1506 411 1582 interpolationibus
435 1507 559 1565 scatent.

191 1595 228 1653 In
252 1615 286 1655 eo
310 1614 434 1655 numero
459 1598 504 1654 est
527 1595 619 1654 codex
636 1594 804 1653 Vaticanus
829 1597 928 1671 2193,
956 1595 1141 1654 membrana-

125 1703 209 1762 55115,
238 1685 497 1762 manuscriptus,
526 1684 639 1743 saeculi
660 1683 729 1760 XV,
756 1682 899 1742 foliorum
924 1687 1000 1762 156,
1028 1684 1140 1743 colum-

96 1793 98 1798 ·
123 1777 281 1850 1151111112,
304 1792 446 1833 versuum
466 1775 517 1849 52,
541 1791 668 1850 magnae
691 1773 805 1832 formae
825 1771 978 1850 oblongae,
1002 1792 1062 1848 quo
1081 1792 1142 1832 non

126 1862 226 1922 solum
248 1861 409 1920 Palladii
433 1861 473 1920 de
496 1861 704 1936 praeceptis
731 1861 784 1920 rei
811 1861 971 1920 rusticae
1001 1862 1077 1922 siue
1100 1861 1141 1920 de

128 1951 360 2028 agricultura
374 1950 462 2009 libri
476 1950 649 2009 tredecim
664 1950 715 2009 sed
734 1949 826 2009 etiam
839 1949 900 2008 5115
914 1969 1009 2025 555115
1024 1951 1142 2010 11115155

125 2039 326 2117 continentur,
349 2042 386 2098 ut
403 2039 490 2098 Lucii
504 2038 628 2115 Apuleji
641 2039 848 2098 Madaurensis
866 2039 912 2097 De
935 2039 989 2099 deo
1010 2039 1141 2099 Socratis

127 2128 259 2206 aliaque,
282 2126 433 2188 Ciceronis
448 2125 608 2187 Orationes
626 2147 680 2203 pro
699 2127 738 2185 M.
757 2127 898 2187 Marcello
917 2131 948 2186 et
963 2127 995 2197 Q.
1010 2128 1142 2206 Ligario,

123 2217 198 2276 Iulii
211 2217 349 2276 Frontini
369 2217 612 2294 Strategematon
630 2216 700 2275 libri
714 2216 765 2293 IV,
784 2215 883 2276 Flavii
895 2216 1017 2294 Vegetii
1035 2217 1142 2292 Epito-

127 2324 192 2364 mes
210 2305 255 2364 rei
272 2305 412 2365 militaris
431 2305 501 2363 libri
518 2305 556 2373 V,
575 2305 727 2380 Anonymi
750 2304 973 2364 observationes
992 2305 1141 2380 quaedam

127 2413 219 2469 super
241 2393 437 2471 agricultura.
470 2413 505 2453 ac
527 2393 682 2452 Palladius
705 2393 826 2470 quidem
847 2393 954 2470 incipit
973 2414 990 2452 a
1008 2395 1060 2453 fol.
1078 2397 1141 2453 118

125 2501 194 2561 pag.
212 2485 230 2541 2
250 2482 339 2542 5512
361 2484 391 2541 et
409 2483 590 2541 terminatur
607 2483 658 2542 fol.
675 2485 738 2542 150
757 2501 826 2560 pag.
848 2485 863 2541 1
886 2484 940 2542 col.
961 2486 988 2542 2.
1007 2483 1143 2542 initiales

126 2572 247 2630 litterae
262 2570 450 2649 singulorum
464 2570 593 2630 Palladii
611 2570 757 2631 librorum
776 2590 849 2630 auro
869 2574 961 2648 atque
979 2572 1062 2630 intus
1080 2572 1143 2648 pic·

128 2659 207 2718 turis
222 2661 346 2719 ornatae
366 2663 446 2720 sunt.
477 2659 568 2718 buius
587 2660 697 2719 codicis
716 2679 780 2719 eam
799 2663 926 2737 partem,
946 2680 1022 2738 quae
1041 2660 1143 2719 Palla·

128 2747 213 2808 dium
236 2749 445 2826 conplectitur,
469 2749 507 2808 ad
530 2749 657 2807 eundem
679 2749 798 2826 librum,
822 2768 857 2808 ex
876 2769 936 2824 quo
959 2750 1074 2809 codices
1098 2768 1144 2809 se·

127 2838 219 2898 cundi
242 2841 273 2896 et
291 2838 374 2896 tertii
393 2838 509 2915 generis
524 2837 670 2916 originem
688 2838 844 2915 traxerint,
866 2838 1063 2898 reducendam
1078 2857 1145 2898 esse

126 2927 318 3003 expluribus
341 2926 414 2986 locis
438 2930 572 3003 apparet.
619 2927 671 2986 sed
695 2927 775 3002 quod
802 2927 878 2986 nibil
904 2928 1049 2986 momenti
1070 2927 1144 2986 huic

126 3015 221 3074 codici
235 3015 347 3076 Romae
361 3033 462 3075 mense
477 3015 566 3091 aprili
581 3016 652 3074 anni
669 3017 753 3076 1875
774 3016 878 3091 5115115
897 3036 932 3075 ex
949 3019 1035 3092 parte
1057 3035 1075 3074 a
1093 3036 1144 3076 me

129 3104 249 3163 conlato
273 3104 493 3164 concedendum
517 3122 580 3163 5555
604 3123 718 3181 censeo,
740 3104 883 3165 lectiones
908 3105 1026 3163 51115111
1050 3124 1145 3181 appa·

126 3195 230 3252 ratum
253 3193 390 3252 criticum
408 3193 541 3269 proferre
565 3211 820 3269 supervacaneum
839 3211 901 3253 esse
920 3194 996 3252 mibi
1012 3194 1145 3254 videtur.
1217 3231 1221 3237 ·

193 3280 337 3340 Eiusdem
369 3282 486 3358 generis
520 3300 589 3339 eum
619 3301 739 3358 quoque
769 3282 861 3341 fuisse
893 3286 969 3359 puto
1001 3282 1147 3362 codicem,

130 3389 192 3445 quo
207 3369 385 3428 Vincentius
403 3371 435 3429 in
451 3370 577 3447 Speculo
597 3387 651 3430 5115
670 3364 1050 3430 115111151155115511115111151
1068 3390 1145 3431 115115

201 3562 214 3609 1
237 3554 402 3610 Schneideri
419 3558 486 3610 tom.
505 3554 544 3607 Ill
562 3555 649 3624 praef.
669 3555 701 3611 X.
