2524 3946
470 225 586 283 numu.
600 227 653 282 ΠΠ
667 234 701 282 10
1028 229 1090 293 137

82 374 159 439 iulio
191 374 354 438 mediante
386 373 522 458 poterit,
555 373 680 438 octobri
714 395 824 438 mense
854 373 935 439 locis
963 374 1092 459 tepidis.

82 463 257 548 propagari
274 463 355 528 ficus
373 463 474 527 ramis
493 465 611 546 potest.
644 462 800 526 inseritur
819 466 928 527 autem
942 464 977 528 in
991 464 1093 549 capri·

81 553 156 638 fico,
178 553 214 616 in
236 574 339 635 moro,
361 552 397 615 in
419 552 553 635 platano
578 556 611 615 et
635 551 738 615 oculis
762 556 796 615 et
819 552 965 616 surculis.
1011 553 1092 618 ficus
1103 555 1148 620 33

81 641 201 706 uirides
226 641 350 705 seruari
373 644 512 725 possunt
534 639 587 704 uel
610 639 646 703 in
670 640 765 704 melle
789 641 970 723 ordinatae,
994 664 1035 706 ne
1059 664 1094 707 se

58 730 224 798 sinuicem
252 735 404 814 tangant,
431 730 484 792 uel
511 729 659 814 singulae
678 729 766 792 intra
788 729 925 793 uiridem
950 731 1095 794 cucurbi-

81 824 151 884 tam
180 819 309 884 clausae
337 817 419 883 locis
447 816 621 901 unicuique
649 818 775 882 canatis
801 816 938 883 etitem
961 823 1094 897 tessera,

79 931 163 992 quae
189 912 325 991 secatur,
348 906 483 971 inclusis
507 928 665 990 suspensa
688 928 726 970 ea
749 906 926 986 cucurbita,
950 907 1007 970 ubi
1028 929 1096 972 non

78 997 122 1061 sit
144 996 234 1082 ignis
258 1003 316 1060 aut
339 995 457 1060 fumus.
492 995 549 1059 alii
573 995 690 1059 missas
712 995 794 1060 ficus
817 999 962 1060 recentes
986 995 1093 1060 minus

79 1090 227 1150 maturas
255 1084 291 1149 in
317 1106 403 1149 nouo
431 1106 509 1149 uase
537 1083 633 1148 fictili
656 1085 757 1149 lectas
782 1106 855 1149 cum
878 1085 1036 1168 pediculis
1060 1089 1094 1150 et

40 1197 98 1243 roa
125 1196 163 1239 se
192 1177 359 1258 separatas
388 1173 558 1237 recludunt
585 1176 619 1236 et
645 1173 680 1236 in
707 1173 794 1237 dolio
820 1173 890 1237 uini
914 1174 1010 1257 pleno
1034 1196 1093 1238 aas

77 1268 194 1328 natare
218 1262 422 1345 permittunt.
459 1260 621 1326 Martialis
645 1261 725 1326 dicit
748 1262 871 1327 caricas
894 1285 952 1347 per
975 1284 1094 1348 genera
1103 1263 1148 1327 34

78 1353 187 1417 multa
201 1351 334 1430 seruari,
353 1373 428 1416 cum
442 1350 526 1415 ratio
541 1373 606 1414 una
620 1349 772 1415 sufficiat.
798 1371 876 1436 ergo
890 1352 954 1416 hoc
969 1373 1095 1437 genere,

78 1462 144 1525 quo
166 1438 347 1524 Campania
365 1444 438 1504 tota
457 1440 609 1521 custodit,
627 1460 758 1504 seruare
777 1440 941 1506 debemus.
971 1440 1006 1505 in
1025 1463 1095 1506 cra-

77 1531 171 1595 tibus
203 1530 284 1594 fieus
315 1528 508 1612 expanditur
536 1550 638 1611 usque
667 1529 707 1592 ad
735 1528 902 1592 meridiem
930 1533 963 1594 et
990 1530 1095 1595 adhuc

40 1648 64 1688 15
78 1619 192 1684 mollis
215 1618 251 1681 in
274 1618 407 1701 qualum
430 1617 623 1681 refunditur.
661 1621 739 1681 tunc
763 1616 919 1683 calefacto
938 1618 1034 1682 furno
1055 1620 1094 1682 ad

76 1709 175 1792 panis
200 1706 358 1790 coquendi
382 1706 515 1769 modum
534 1706 714 1789 subpositis
734 1706 840 1770 tribus
859 1706 1032 1790 lapidibus,
1054 1729 1095 1772 ne

77 1797 196 1860 ardeat
215 1795 340 1879 qualus,
358 1794 536 1859 includitur
559 1799 601 1878 et,
626 1795 734 1859 clauso
758 1793 853 1858 furno
875 1795 932 1859 ubi
951 1796 1096 1861 discocta

78 1887 164 1951 ficus
187 1884 296 1969 fuerit,
320 1883 404 1948 sicut
428 1889 478 1947 est
502 1883 615 1966 calida,
638 1883 842 1964 interpositis
865 1883 953 1948 foliis
976 1885 1042 1949 suis
1062 1885 1096 1949 in

78 1997 140 2040 uas
169 1973 270 2038 fictile
299 1972 449 2037 conditur
476 1973 558 2036 bene
585 1972 732 2056 picatum
760 1973 890 2036 densius
918 1995 1030 2056 pressa
1063 1979 1096 2038 et

39 2093 63 2132 20
77 2063 236 2148 operculo
265 2061 440 2146 diligenter
468 2061 650 2126 obducitur.
696 2061 724 2124 si
754 2061 875 2143 pluuiis
903 2061 1150 2126 abundanti-35

77 2154 141 2217 bus
171 2154 276 2216 crates
304 2171 371 2214 non
397 2151 504 2233 possis
533 2149 727 2233 expandere,
758 2150 819 2213 sub
849 2154 936 2213 tecto
966 2171 1020 2213 eas
1047 2150 1096 2213 ita

78 2239 188 2326 ponis,
210 2245 249 2303 ut
272 2239 436 2322 semipede
459 2237 629 2323 erigantur
652 2261 671 2302 a
694 2241 783 2302 terra
806 2243 839 2302 et
858 2259 911 2301 eas
932 2239 972 2302 ad
991 2238 1096 2303 uicem

78 2330 163 2395 solis
193 2326 274 2392 cinis
303 2328 468 2392 subiectus
497 2332 634 2411 uaporet
662 2332 695 2391 et
724 2327 859 2391 subinde
887 2327 981 2409 ficus,
1011 2327 1096 2392 sicut

77 2423 133 2484 est
167 2416 285 2500 diuisa,
315 2419 479 2496 uertatur,
510 2422 548 2480 ut
580 2417 716 2481 ficorum
749 2415 837 2481 coria
869 2416 1032 2481 siccentur
1063 2421 1097 2480 et

38 2537 63 2577 25
78 2507 216 2592 pulpae:
235 2509 314 2570 tunc
332 2505 498 2589 duplicata
516 2506 550 2569 in
569 2505 704 2571 cistellis
727 2510 876 2569 seruetur
894 2513 952 2569 aut
969 2505 1096 2594 loculis.

78 2597 139 2660 alii
169 2598 315 2659 maturas
343 2593 551 2658 mediocriter
577 2594 657 2659 ficus
686 2597 719 2657 et
747 2593 868 2658 diuisas
892 2595 926 2658 in
950 2595 1095 2660 cratibus

156 2733 270 2787 lIunio
290 2735 418 2803 acpssst
436 2731 536 2785 utilius
551 2749 604 2800 pro
622 2731 803 2801 ramisFll4
822 2749 851 2786 se
870 2749 913 2786 om
938 2733 1013 2803 Qllb
1033 2748 1097 2786 con-

77 2805 234 2874 tingantp
259 2807 262 2874 Ι
289 2803 462 2858 cucurbitam
481 2804 508 2856 P
528 2805 538 2874 ΙΙ
561 2809 577 2856 6
600 2803 748 2857 cauabatis
771 2804 860 2872 PLQ
885 2806 889 2872 Ι
914 2805 1023 2857 tessara
1042 2804 1073 2856 Ε
1095 2803 1098 2875 Ι

80 2884 96 2930 7
128 2875 247 2930 seccatis
275 2876 316 2944 E,
346 2877 481 2942 sequatur
506 2876 518 2927 i
547 2877 551 2943 Ι
581 2890 739 2943 suspensae.
779 2873 944 2928 acucurbita
971 2874 1054 2943 Pus
1089 2917 1096 2942 ,

80 2963 235 3018 suspensus
255 2945 420 3000 acucurbita
439 2947 466 3001 L
495 2947 499 3015 Ι
529 2961 563 2999 ea
581 2964 631 3000 cm.
646 2947 658 2999 i
676 2948 694 3016 ἸΙ
722 2946 802 2999 8uel
822 2963 910 3017 ceps,
934 2944 1026 2998 firmus
1049 2945 1096 2999 uel

78 3019 188 3089 igniri
212 3020 216 3087 Ι
241 3017 307 3071 ficos
321 3018 446 3088 PLQV
469 3020 478 3088 ΙΙ
506 3023 522 3070 9
545 3017 620 3070 fasse
635 3034 688 3085 pro
706 3033 774 3071 uasa
793 3019 819 3071 L
842 3019 846 3084 Ι
869 3016 957 3070 lectas
977 3018 1072 3070 om.E
1088 3016 1098 3090 ΙΙ

81 3098 117 3144 10
147 3088 285 3159 separatis
308 3090 339 3143 E
365 3091 374 3158 ΙΙ
407 3095 439 3142 11
468 3087 613 3142 Martiales
641 3088 667 3142 G
696 3089 701 3158 Ι
730 3087 835 3142 scarias
864 3088 894 3139 Ε
919 3087 928 3154 ΙΙ
957 3093 990 3140 15
1017 3087 1097 3142 forno

79 3161 179 3217 PGF
189 3163 199 3231 ΙΙ
214 3165 245 3214 17
261 3159 353 3228 qualis
366 3161 389 3231 Q
405 3161 409 3230 Ι
424 3159 504 3214 forno
519 3159 578 3214 PG
591 3161 600 3229 ΙΙ
615 3165 648 3214 18
662 3160 730 3213 ficus
745 3175 795 3213 om.
806 3159 837 3211 Ε
851 3159 854 3227 Ι
870 3156 1038 3227 interposita
1049 3160 1076 3214 G

78 3234 112 3286 in
131 3248 200 3286 uase
218 3231 300 3285 fictili
318 3230 476 3284 custoditur
494 3232 524 3284 E
540 3232 549 3300 ΙΙ
569 3237 602 3284 20
622 3230 646 3284 si
664 3228 969 3299 pluuiis—coniungat
987 3248 1071 3300 ‹map

78 3302 177 3374 pluuia
197 3304 230 3370 P,
249 3301 344 3372 puluis
362 3303 393 3356 E
417 3305 427 3372 ΙΙ
454 3309 486 3355 21
506 3301 596 3372 possit
613 3304 644 3356 Ε
669 3305 679 3372 ΙΙ
706 3307 739 3354 22
758 3298 870 3370 reponis
889 3301 920 3353 Ε
943 3303 947 3371 Ι
973 3301 1098 3372 erigatur

80 3373 296 3444 PLQVSTF
318 3377 327 3444 ΙΙ
353 3380 386 3426 23
407 3373 477 3427 cinis
496 3372 604 3427 calidus
624 3390 673 3441 as,
692 3371 762 3426 cinis
795 3370 915 3443 calidus]
934 3389 970 3442 cp
999 3374 1002 3443 Ι
1033 3372 1097 3426 sub-

79 3447 172 3500 iectos
191 3447 218 3499 L
239 3446 244 3513 Ι
268 3445 336 3498 ficus
356 3462 406 3500 om.
421 3446 452 3499 Ε
471 3446 474 3517 Ι
501 3443 574 3498 sicut
592 3461 704 3498 uersum
723 3445 766 3497 est
806 3441 878 3496 ‘uisa
895 3445 1024 3497 uertatur
1041 3443 1071 3495 E
1087 3442 1097 3515 ΙΙ

81 3523 117 3571 25
138 3516 301 3588 duplicatae
321 3533 397 3587 ceps
422 3518 425 3587 Ι
451 3517 600 3570 seruantur
620 3516 652 3583 Τ,
676 3516 823 3568 seruentur
841 3531 918 3584 ceps
940 3519 949 3583 ΙΙ
972 3519 1005 3566 26
1029 3513 1097 3567 ficus

81 3605 134 3644 om.
150 3591 177 3644 L
