2518 3938
181 197 246 260 226
600 194 771 253 PALLADII

131 343 172 408 12
183 343 256 427 quit
279 341 361 406 exile
386 339 474 404 omni
493 339 657 405 soliditate
676 340 830 405 detracta.
859 339 973 404 uinum
987 362 1065 405 uero
1081 340 1182 406 eadem

182 429 233 496 die
253 452 293 496 ex
310 434 441 495 austero
460 426 632 513 limpidum
651 433 748 512 atque
769 427 931 513 optimum
949 429 1029 513 fieri,
1048 429 1077 494 si
1091 450 1182 513 grana

181 520 302 605 piperis
331 519 454 602 decem,
486 517 625 601 pistacia
655 517 776 603 uiginti
805 517 931 583 adiecto
960 519 1088 583 modico
1115 517 1182 583 uino

182 609 279 673 simul
308 611 457 673 conteras
490 611 523 670 et
555 607 589 671 in
617 629 673 672 sex
699 606 769 671 uini
797 607 957 671 sextarios
990 607 1105 672 mittas
1136 606 1182 671 diu

182 697 332 763 omnibus
357 699 432 762 ante
456 695 642 780 commotis,
670 699 748 760 tunc
776 695 976 779 requiescere
999 695 1135 780 patiaris
1156 699 1210 758 ets

181 787 269 852 coles
291 784 366 850 usui
384 806 460 848 mox
478 783 634 849 futurum.
670 784 751 848 item
768 783 967 848 feculentum
989 785 1105 850 statim
1123 785 1183 848 lin-

180 875 294 960 pidum
321 873 426 956 reddi,
460 873 488 938 si
521 876 646 957 septem
674 873 743 956 pini
769 873 902 937 nucleos
931 873 966 938 in
993 895 1096 938 unum
1123 872 1182 937 uini

182 963 361 1029 sextarium
383 961 499 1026 mittas
522 962 641 1046 diuque
660 983 866 1027 commoneas
886 965 921 1026 et
937 962 1108 1046 paululum
1126 982 1180 1026 ces·

182 1073 253 1118 sare
276 1051 425 1136 patiaris:
448 1071 525 1115 mox
548 1071 674 1115 sumere
695 1050 873 1135 puritatem
893 1050 1058 1136 colorique
1077 1051 1182 1116 debere

130 1143 216 1208 laer
238 1140 273 1205 in
296 1162 392 1206 usum
415 1137 538 1203 referri.
577 1140 657 1203 item
681 1139 766 1224 quod
791 1136 1002 1204 Cretensibus
1026 1139 1182 1206 oraculum
1192 1160 1210 1200 u

182 1229 296 1314 Pythii
322 1227 486 1313 Apollinis
515 1231 714 1293 monstrasse
746 1233 956 1293 memoratur.
1002 1228 1075 1293 fieri
1107 1228 1182 1293 enim

182 1319 229 1384 sio
259 1318 430 1383 candidum
458 1320 491 1380 et
520 1339 646 1381 sumere
673 1316 850 1382 uetustatis
879 1339 1036 1401 saporem.
1084 1317 1182 1382 schoe-

181 1406 347 1472 nuanthus
366 1405 477 1470 uncias
497 1409 661 1490 quattuor,
681 1406 770 1471 alcis
787 1405 954 1490 hepatices
972 1406 1085 1471 uncias
1103 1409 1182 1490 quat

182 1501 267 1579 tuor,
289 1492 465 1559 mastiches
490 1494 633 1578 optimae
656 1495 786 1559 unciam
808 1516 917 1580 unam,
939 1494 1044 1560 casiae
1062 1495 1181 1560 fistulae

181 1584 312 1649 unciam
332 1605 439 1667 unam,
458 1582 565 1667 spicae
579 1582 705 1648 indicae
720 1583 927 1668 semunciam,
945 1583 1097 1667 myrrhae
1111 1583 1181 1668 opti-
1192 1603 1210 1644 a

182 1693 254 1737 mae
268 1671 399 1736 unciam
413 1694 520 1750 unam,
533 1672 655 1756 piperis
670 1672 800 1737 unciam
815 1694 922 1757 unam,
936 1671 1043 1736 thuris
1056 1673 1180 1737 masculi

181 1784 248 1828 non
266 1761 390 1827 rancidi
408 1761 537 1825 unciam
556 1783 654 1826 unam
672 1760 782 1825 tundis
802 1760 955 1825 uniuersa
974 1765 1006 1825 et
1024 1761 1060 1826 in
1074 1761 1180 1826 tenuis-

131 1850 173 1916 14
183 1851 302 1916 simum
325 1849 493 1934 puluerem
512 1848 619 1914 cribro
643 1849 826 1915 excutiente
847 1848 986 1915 deducis.
1023 1871 1096 1914 cum
1113 1871 1180 1913 uero

182 1943 327 2004 mustum
346 1938 513 2022 ferbuerit,
531 1938 739 2022 despumatis
759 1944 792 2002 et
806 1939 916 2004 omnia
930 1961 1067 2004 unarum
1082 1960 1180 2025 grana,

181 2050 264 2113 quae
283 2027 393 2092 feruor
411 2027 445 2091 in
465 2049 628 2092 summum
646 2028 793 2113 regessit,
816 2028 967 2112 expelles.
999 2033 1077 2093 tunc
1095 2029 1177 2113 gypsi
1190 2049 1209 2088 a

181 2117 255 2182 triti
289 2121 386 2201 atque
414 2115 550 2181 cribrati
579 2121 645 2180 tres
673 2117 802 2182 italicos
830 2116 990 2182 sextarios
1017 2115 1179 2181 mittesiu

254 2278 268 2326 1
289 2288 323 2326 ea
342 2272 388 2326 die
403 2272 556 2340 Passa,
576 2271 621 2326 die
636 2289 670 2326 ea
689 2273 719 2340 V,
739 2289 772 2327 eo
787 2272 833 2326 die
847 2274 878 2326 E
889 2276 898 2340 11
913 2279 928 2325 2
942 2272 973 2326 in
986 2271 1140 2343 lympidam
1152 2270 1180 2395 ip!
1231 2289 1232 2310 i

182 2350 198 2397 3
214 2343 342 2414 (pistacia
361 2343 465 2412 uiginti
486 2360 535 2398 ora.
552 2361 574 2412 p
590 2346 593 2413 Ι
611 2342 723 2397 adiecta
741 2343 899 2414 Ε1ωοᾱίο
919 2344 1038 2398 PLSE
1060 2347 1064 2411 Ι
1089 2341 1145 2396 uini
1174 2385 1180 2408 ,

182 2414 250 2469 uino
265 2431 326 2469 cam
339 2413 348 2465 i
363 2416 548 2484 sapraeaipto
559 2415 587 2467 P
598 2417 607 2484 ΙΙ
621 2420 638 2467 4
653 2413 735 2468 simul
750 2431 799 2468 om.
811 2416 841 2468 E
856 2417 860 2486 1
876 2415 906 2469 in
920 2414 1057 2468 sextarios
1071 2413 1164 2468 uinill
1173 2413 1181 2483 11

183 2493 199 2539 5
217 2488 285 2540 tunc
304 2501 353 2539 om.
370 2503 392 2553 p
412 2487 415 2554 Ι
435 2484 552 2554 patieris
573 2487 599 2540 G
621 2488 630 2555 ΙΙ
653 2491 669 2539 6
688 2484 730 2538 ita
750 2486 777 2540 G
801 2488 804 2555 Ι
829 2485 968 2556 linpidum
986 2486 1024 2554 E,
1043 2485 1074 2539 in
1092 2483 1180 2554 lympi-
1230 2531 1231 2546 2

182 2556 250 2609 dum
264 2574 282 2608 a
295 2557 304 2624 ΙΙ
319 2561 333 2608 7
348 2554 379 2608 in
393 2557 545 2609 sextarium
559 2556 620 2610 uini
633 2574 720 2610 unum
735 2556 762 2623 S,
778 2575 864 2611 unum
878 2573 928 2611 ora.
944 2557 974 2609 E
985 2559 995 2626 ΙΙ
1009 2563 1025 2610 9
1040 2556 1125 2611 debet
1137 2557 1163 2609 Ε
1171 2554 1179 2624 {t
1230 2557 1231 2562 ’

184 2632 216 2680 10
239 2625 308 2679 item
331 2625 428 2679 uinum
447 2626 503 2681 SE
526 2629 533 2710 1
555 2628 630 2697 quod
653 2645 702 2682 uua.
718 2628 750 2681 Ε
774 2629 783 2698 ΙΙ
812 2634 843 2681 11
864 2627 1003 2698 apollonis
1021 2628 1091 2697 LF,
1115 2625 1180 2696 apol-

182 2697 235 2751 lini
253 2696 281 2764 S,
301 2713 318 2750 a
338 2696 432 2750 ollinis
450 2696 535 2768 pithir
553 2700 585 2752 Ε
607 2700 611 2770 Ι
637 2697 711 2752 enim
734 2715 784 2753 om.
804 2716 880 2769 cepe
902 2701 911 2768 ss
935 2705 967 2752 12
988 2698 1182 2767 squinuanthos

183 2771 240 2824 PL
249 2715 406 2849 VGdlEF,
422 2769 605 2838 squinuantos
619 2771 649 2839 Τ,
665 2769 823 2838 equinarias
830 2787 860 2838 p,
875 2769 899 2824 si
909 2769 1116 2838 squinuanthos
1129 2785 1182 2840 eps,

182 2841 207 2896 si
226 2842 390 2910 sqmnantos
409 2840 466 2911 11111
481 2846 513 2894 13
534 2841 654 2911 epatites
669 2840 873 2909 PVGSTFa',
894 2840 1021 2910 epaticae
1041 2859 1055 2896 e
1082 2859 1108 2910 s,
1128 2856 1183 2910 epa

182 2912 270 2967 ticum
287 2912 325 2981 E,
345 2909 450 2993 epatici
469 2929 487 2966 a
503 2914 507 2982 1
523 2911 617 2981 hepat.
636 2930 698 2967 unc.
718 2929 767 2967 om.
784 2913 876 2982 p1114
897 2911 1024 2966 masticis
1075 2909 1185 2968 LVGS

185 2984 265 3050 TFc‘,
283 2985 431 3040 mastrcum
450 2983 487 3051 E,
507 2982 619 3037 mastici
637 2984 716 3038 ceteri
732 2988 735 3050 Ι
752 2983 876 3037 obtimae
893 2984 926 3052 P,
947 2982 1053 3052 optime
1071 2985 1102 3054 T,
1121 2981 1184 3054 opti-

182 3071 258 3106 mum
272 3054 308 3122 E,
323 3053 423 3124 optimi
437 3071 491 3124 eps
506 3056 510 3124 1
527 3053 751 3108 casiae-unam
764 3071 815 3109 om.
830 3054 858 3123 S,
872 3056 904 3108 iu
917 3072 1004 3126 uturp.
1019 3055 1046 3108 V
1060 3057 1064 3124 Ι
1080 3055 1185 3109 unciam

182 3123 331 3178 -rancidi
349 3123 461 3178 unciam
475 3142 561 3178 unam
575 3142 624 3179 om.
640 3127 673 3195 111
689 3130 721 3179 15
740 3143 833 3194 unam,
851 3125 956 3195 piperis
970 3125 1086 3180 unciam
1099 3142 1186 3192 unam,

182 3194 277 3264 spicae
293 3195 399 3265 Gorys
415 3198 419 3264 Ι
435 3195 545 3249 nntium
562 3213 647 3250 unam
658 3213 710 3264 pro
728 3195 840 3251 indicae
854 3196 880 3249 L
896 3197 901 3266 1
918 3196 1104 3251 semiunciam
1118 3195 1185 3265 SE}

182 3280 292 3318 murrae
310 3266 345 3331 L,
363 3264 465 3320 mirrae
486 3267 553 3332 GE,
573 3267 769 3336 mitrae.)rrae
788 3269 820 3336 V,
838 3284 930 3321 murre
949 3267 980 3322 Ε
1000 3269 1009 3337 ΙΙ
1034 3274 1067 3322 16
1086 3266 1186 3340 piperis

182 3334 295 3388 unciam
312 3350 397 3387 unam
415 3337 463 3390 hoe
482 3339 538 3391 loco
557 3339 683 3392 omittunt
703 3339 810 3408 Gorys
830 3341 840 3407 l
863 3343 895 3390 17
915 3338 1006 3392 radici
1026 3340 1061 3406 θ,
1081 3339 1188 3394 unciam

182 3423 268 3458 unam
285 3419 342 3456 non
359 3405 468 3458 rancidi
487 3408 513 3460 L
527 3409 536 3477 ΙΙ
555 3412 587 3460 18
610 3406 687 3461 cribo
706 3408 733 3461 V
747 3411 756 3478 ΙΙ
780 3414 813 3461 19
833 3408 1006 3478 dispumabis
1027 3410 1054 3464 G
1071 3411 1075 3482 Ι
1092 3411 1186 3464 ubera

182 3491 244 3553 rum
262 3475 293 3526 Ε
311 3475 321 3542 ss
343 3478 377 3525 20
396 3474 506 3530 feruens
526 3478 568 3531 Gi
583 3479 587 3550 l
603 3478 633 3531 in
651 3495 737 3531 unum
756 3479 804 3548 ΕΙ
821 3477 919 3534 reiecit
937 3480 1073 3551 Eiacps,
1095 3477 1188 3536 cressit

183 3560 213 3595 ιιι
231 3559 369 3596 summum
385 3547 428 3612 pu
442 3551 473 3597 21
493 3545 583 3600 mittis
602 3565 691 3603 (1111111
