2556 3942
443 177 708 270 lomoni-rc
1042 217 1083 281 19

77 381 179 426 cerem
210 361 351 425 mixtum
384 384 457 426 oum
491 362 577 428 culce
610 363 764 427 ducemus
793 366 826 427 et
852 363 1013 447 poliemus
1044 365 1083 428 ad

77 471 233 514 summum
251 451 401 515 nitorem.

344 680 404 746 DI}
430 678 575 745 OPERE
600 677 806 747 ALBARIO.

138 803 228 889 Opus
244 828 373 890 quoque
384 805 544 870 alterium
560 827 655 890 saepe
670 806 817 889 delectat,
832 805 884 870 cui
898 806 1020 871 calcem
1036 806 1136 872 XIIII

53 893 456 980 sdebebimusedhibere,
484 916 556 958 cum
585 896 688 960 multo
718 899 864 979 tempore
892 893 992 959 fuerit
1017 918 1083 959 mar

74 987 186 1048 cereta.
232 1005 311 1069 ergo
343 983 382 1047 ut
413 983 529 1048 utilem
558 984 691 1068 probes,
723 984 811 1048 ascia
840 984 959 1048 calcem
988 984 1082 1069 quasi

73 1066 195 1158 lignum
223 1071 359 1138 dolabis.
401 1072 429 1137 si
457 1074 621 1156 nusquam
644 1073 729 1138 acies
753 1072 822 1136 eius
846 1072 1016 1137 offenderit
1040 1078 1081 1156 et,

74 1162 155 1244 quod
184 1161 290 1226 asciae
319 1161 487 1245 adhaeret,
518 1161 619 1226 fuerit
650 1162 748 1227 molle
782 1165 879 1246 etque
906 1162 1081 1244 disemum,

73 1254 198 1316 constet
223 1250 356 1314 albariis
380 1247 532 1334 operibus
557 1251 739 1315 conuenire.

39 1506 59 1543 10
411 1480 471 1545 DI}
496 1479 737 1548 TEOTORIIS.

131 1604 301 1671 Pcrietum
324 1626 402 1670 uero
429 1609 556 1670 tectura
584 1605 631 1670 sic
658 1607 716 1670 fiet
742 1604 837 1671 fortis
868 1610 901 1671 et
927 1605 1041 1671 nltidc.
1069 1605 1133 1671 XV
1245 1679 1249 1686 ,

70 1694 171 1776 prima
194 1693 304 1781 trullis
327 1693 554 1778 frequentetur
576 1694 732 1759 inductio.
776 1715 849 1759 cum
873 1695 988 1760 siccari
1011 1717 1080 1760 coe-

69 1783 158 1867 perit,
181 1784 303 1848 iterum
322 1783 495 1849 inducatur
514 1805 551 1848 ac
570 1784 678 1848 tertio.
714 1788 790 1868 post
809 1783 888 1850 haec
907 1785 972 1848 trie
991 1785 1079 1850 coris

70 1893 104 1935 ex
131 1894 296 1938 marmore
319 1892 422 1957 grano
447 1870 653 1960 cooperietur
675 1872 716 1936 ad
739 1872 882 1938 trullum.
926 1895 1007 1957 quae
1029 1873 1079 1938 in-

35 1985 55 2024 15
67 1959 170 2028 ductio
201 1966 277 2025 ante
305 1964 374 2025 tam
402 1961 458 2024 diu
486 1960 667 2046 subigenda
690 1965 754 2046 est,
781 1965 819 2025 ut
842 1964 986 2048 rutrum,
1015 1984 1078 2046 quo

67 2050 132 2114 cclx
155 2049 337 2135 subigilur,
361 2049 518 2114 mundum
541 2051 695 2114 locemus.
736 2050 817 2136 haec
841 2072 969 2135 quoque
992 2074 1079 2115 mar-

68 2139 161 2204 moris
182 2139 280 2225 grani
297 2138 443 2203 inductio
464 2160 538 2203 cum
559 2139 673 2203 siccari
688 2138 830 2222 incipiet,
851 2140 937 2203 eliud
953 2140 1077 2203 corium

67 2229 218 2292 subtilius
245 2231 376 2311 oportet
399 2228 522 2311 inponi.
564 2227 610 2292 sio
634 2233 667 2292 et
691 2228 893 2292 soliditatem
917 2228 1078 2292 custodiet

66 2319 95 2379 et
115 2317 269 2382 nitorem.

32 2527 118 2592 roDIl
143 2525 350 2594 VITANDA
374 2525 532 2611 VALLE,
557 2526 679 2605 QVAE
704 2526 910 2594 PROPTER
929 2527 1075 2605 AQVAS

416 2632 559 2698 DILIGI
583 2631 729 2701 SOLET.

125 2760 309 2826 Vitandum
342 2763 392 2824 cst
424 2763 546 2842 autem,
580 2760 665 2844 quod
698 2758 844 2844 plerique
877 2760 1024 2825 fecerunt
1047 2759 1128 2825 XVI

65 2869 161 2932 cquae
191 2871 302 2933 causa,
329 2849 427 2913 uillas
455 2848 576 2913 infimis
604 2848 747 2913 uallibus
770 2870 917 2935 mergere
942 2853 975 2913 et
998 2871 1075 2932 pau-

64 2957 171 3003 corum
184 2937 311 3003 dierum
325 2938 530 3021 uoluptatem
544 2937 708 3021 praeferre
722 2937 947 3003 habitatorum
962 2937 1074 3001 saluti:

33 3029 146 3109 cquod
172 3029 280 3112 magis
309 3031 504 3106 metuemus,
539 3028 567 3090 si
599 3026 769 3111 prouincia
798 3050 896 3112 quam
927 3026 1075 3109 colimne,

130 3226 144 3273 1
166 3218 293 3273 dicemus
305 3219 335 3272 F
345 3221 354 3288 ll
369 3222 385 3271 ὅ
396 3219 529 3273 debemus
541 3219 625 3273 VSE
639 3223 646 3301 l
659 3221 832 3273 maceratum
842 3219 868 3272 L
876 3217 899 3287 Q
908 3218 959 3273 VS
964 3219 989 3272 T
994 3219 1057 3273 ΓΕ
1065 3219 1074 3291 ll

66 3292 126 3343 tut
144 3307 235 3360 oncp
260 3291 264 3362 l
290 3290 396 3344 calcem
418 3290 543 3360 probans
567 3308 686 3360 quasrp
708 3293 717 3360 ll
742 3295 756 3342 ⁷
777 3293 805 3344 et
824 3289 848 3343 si
867 3290 943 3358 quod
962 3292 1026 3360 las,
1046 3292 1076 3344 et

65 3359 106 3432 [si]
129 3361 209 3430 quod
231 3379 266 3432 cy
292 3364 301 3432 ΙΙ
331 3367 363 3414 12
381 3361 476 3415 Primo
495 3363 525 3415 is
552 3363 561 3430 ss
589 3368 622 3415 13
642 3365 671 3416 et
688 3360 803 3415 tertioi
829 3363 839 3430 11
868 3367 900 3415 14
918 3377 1074 3415 marmoreo

69 3429 186 3503 Vtacps
203 3438 207 3501 1
224 3432 419 3502 cooperiantur
437 3433 464 3485 L
479 3436 488 3502 ΙΙ
503 3438 536 3486 15
556 3431 753 3501 subiungendc
772 3432 808 3499 F,
828 3432 999 3502 ambigenda
1018 3432 1049 3485 E
1067 3431 1072 3502 l

65 3503 153 3557 utrum
172 3503 280 3574 LQTl
297 3504 373 3572 quod
391 3504 418 3557 L
432 3506 441 3573 ll
457 3509 490 3557 17
509 3503 646 3572 inceperit
669 3505 709 3571 lc,
735 3502 858 3572 coeperit
876 3522 894 3557 a
907 3506 917 3573 ll
931 3508 964 3555 23
983 3501 1012 3554 in
1031 3501 1073 3554 in-

64 3573 131 3628 fimis
145 3575 252 3643 Vita,
268 3574 321 3647 [in]
336 3574 385 3629 inf.
401 3593 456 3646 cys
469 3578 479 3645 ll
493 3581 526 3628 25
544 3575 631 3629 etiam
645 3573 737 3643 magis
751 3575 843 3644 c'ocps
859 3575 863 3646 l
879 3572 1030 3628 metuimus
1045 3571 1076 3626 Ε

878 3661 913 3714 2*
