2524 3946
160 176 225 242 104
584 175 753 230 Plnnnnn

107 325 151 391 18
163 321 354 388 stramentis
374 322 414 387 de
433 322 591 407 superiori
609 325 703 408 parte
722 321 888 407 cooperiri.
924 321 1007 386 mela
1025 322 1170 404 rotunda,
1246 393 1247 396 ¹

161 434 245 497 quae
270 411 454 477 orbiculata
477 410 637 495 dicuntur,
660 411 729 476 sine
752 432 829 476 cura
849 413 919 475 toto
938 431 1022 474 anno
1040 432 1169 475 seruare

160 523 196 566 se
224 505 373 586 possunt
420 499 477 565 alii
501 501 537 565 in
558 504 658 585 puteo
681 499 733 564 uel
758 499 898 564 cisterna
920 504 1070 584 mergunt
1091 521 1170 564 uase

160 589 287 676 fictilia,
311 589 430 674 quibus
454 589 629 675 diligenter
651 587 768 673 picatis
792 592 826 652 et
848 587 966 653 clausis
985 587 1068 652 mela
1086 610 1170 653 com-

161 680 309 744 mittunt.
357 679 414 742 alii
441 701 481 743 ex
508 678 624 743 arbore
653 677 738 742 mela
763 677 885 741 inlaesa
909 681 1114 762 sumpserunt
1137 681 1169 742 et
1195 701 1207 742 s

161 767 321 854 pediculis
345 789 458 832 eorum
481 767 553 850 pice
576 766 717 831 feruenti
739 766 854 830 mersis
874 787 971 850 supra
988 765 1170 830 tabulatum

162 879 220 940 per
249 857 396 923 ordinem
425 857 655 939 disposuerunt
682 877 801 920 nucum
828 853 915 919 foliis
944 855 1057 919 subter
1079 877 1172 939 expo

163 947 247 1011 sitis.
292 945 439 1031 plerique
469 945 600 1008 scobem
626 945 739 1029 populi
764 943 817 1008 nel
841 943 957 1008 abietis
981 943 1066 1008 inter
1090 943 1173 1008 mela

108 1034 151 1099 19
164 1035 359 1100 diffundunt.
396 1037 527 1100 constat
551 1033 636 1098 mela
654 1034 701 1098 sic
720 1033 876 1118 ponenda,
899 1036 936 1096 ut
951 1032 1173 1116 pediculorum
1248 1067 1249 1098 l

163 1128 275 1208 partes
303 1124 454 1187 deorsum
482 1122 583 1187 facias
611 1145 729 1206 neque,
761 1126 936 1205 antequam
967 1121 1040 1186 usui
1067 1143 1209 1187 neces-ro

165 1213 251 1277 saria
274 1211 448 1276 uideantur
471 1233 551 1296 esse,
575 1212 755 1296 contingas.
793 1211 904 1274 uinum
929 1214 961 1274 et
985 1214 1111 1275 acetum
1135 1211 1172 1274 fit

111 1301 205 1366 20011
224 1301 328 1384 melis,
351 1300 437 1365 sicut
455 1323 493 1364 ex
511 1299 593 1384 piris
613 1304 687 1364 ante
705 1301 864 1384 praecepi.
898 1300 1049 1383 cydoneis
1069 1322 1173 1364 seren·

43 1445 74 1460 ,.
165 1389 214 1453 dis
247 1388 394 1472 plerique
427 1394 576 1472 tempora
604 1389 733 1453 diuersa
762 1389 924 1452 dixerunt:
955 1392 1067 1454 tamen
1092 1387 1174 1454 mihi
1249 1419 1250 1422 ¹

165 1499 226 1540 usu
255 1482 446 1561 conpertum
474 1483 525 1542 est
554 1477 587 1542 in
614 1476 713 1542 Italia
740 1475 826 1541 circa
849 1476 971 1541 Vrbem
997 1499 1107 1541 mense
1132 1477 1174 1540 fe-

164 1563 297 1630 bruario
316 1566 369 1629 uel
389 1566 563 1632 inchoante
583 1567 702 1630 martio
716 1565 846 1650 plantas
862 1566 1079 1650 cydoneorum
1093 1567 1172 1631 radi·
1187 1591 1210 1630 15

167 1657 257 1718 estas
276 1654 311 1717 in
329 1655 497 1738 pastinato
518 1654 587 1719 solo
608 1654 751 1719 tenuisse
768 1655 846 1718 adeo
861 1653 1009 1736 feliciter,
1027 1659 1065 1719 ut
1079 1677 1173 1739 saepe

167 1743 332 1826 sequentis
350 1743 427 1808 anni
440 1744 535 1829 fruge
550 1744 737 1829 gauderent,
757 1743 786 1807 si
798 1742 907 1826 posita
921 1743 1053 1808 maioris
1068 1748 1174 1808 status
1250 1815 1251 1822 ¹

167 1831 319 1896 fuissent.
351 1831 433 1897 locis
466 1831 560 1898 siccis
591 1838 624 1896 et
654 1832 767 1897 calidis
796 1834 940 1896 extremo
967 1831 1095 1898 octobri
1123 1832 1174 1896 uel

166 1919 339 1984 nouembri
362 1920 536 1986 inchoante
560 1925 733 2006 ponantur.
769 1925 880 1985 amant
902 1921 1044 2005 cydonea
1066 1921 1174 1986 locum

167 2006 333 2094 frigidum,
354 2015 528 2074 umectum.
565 2011 592 2074 si
616 2010 649 2074 in
673 2009 783 2095 tepido
807 2013 1002 2093 statuantur,
1024 2032 1105 2095 opus
1126 2015 1175 2075 est
1189 2037 1213 2076 u

114 2096 155 2162 21
168 2095 234 2161 illis
257 2096 419 2182 rigatione
444 2099 596 2164 succurri.
640 2097 751 2163 ferunt
779 2102 888 2162 tamen
911 2102 1033 2163 statum
1056 2099 1175 2164 medio-

168 2186 230 2250 cris
250 2185 333 2251 situs
352 2187 438 2251 inter
456 2191 606 2251 naturam
626 2185 759 2272 trigoris
779 2191 812 2250 et
831 2187 948 2252 caloris
967 2192 1001 2252 et
1019 2188 1054 2252 in
1068 2188 1174 2272 planis

167 2278 201 2337 et
224 2274 257 2338 in
281 2273 461 2339 decliuibus
484 2275 690 2359 proueniunt,
711 2276 816 2360 magis
839 2279 949 2341 tamen
967 2276 1124 2342 inclinata
1143 2282 1176 2341 et

167 2361 290 2426 deuexa
309 2362 501 2428 desiderent.
539 2368 652 2428 serunt
671 2363 771 2448 aliqui
790 2365 1010 2430 cacuminibus
1029 2369 1062 2430 et
1081 2365 1177 2450 talea,

168 2451 224 2515 sed
244 2451 356 2514 tardus
376 2451 474 2516 estin
487 2456 625 2536 utroque
638 2456 826 2537 prouentus.
856 2454 904 2518 ita
917 2455 1084 2538 ponendae
1099 2461 1175 2520 sunt
1189 2480 1214 2521 πε

167 2537 278 2622 largae
307 2539 439 2603 arbores
468 2542 617 2625 cydonei‚
648 2564 689 2607 ne
718 2543 854 2606 alteram
882 2544 1049 2626 quatiente
1076 2549 1175 2609 uento

114 2627 157 2692 22
168 2625 371 2692 stillicidium
394 2632 511 2713 tangat
535 2629 677 2695 alterius.
715 2632 790 2695 dum
814 2630 921 2696 minor
944 2636 994 2696 est
1012 2632 1064 2697 uel
1083 2630 1176 2717 poni-

237 2817 415 2888 1supcriore
433 2837 509 2891 ceps
534 2821 538 2890 Ι
564 2821 683 2890 coperiri
704 2823 736 2891 G,
759 2823 915 2891 oohoperiri
933 2825 964 2877 Ε
991 2829 995 2890 1
1024 2823 1103 2878 Mala
1120 2826 1153 2878 E
1167 2825 1177 2896 ll

165 2889 346 2944 20uicnlata
366 2890 392 2944 G
417 2892 421 2960 l
447 2891 591 2946 curatione
611 2909 684 2946 anno
706 2895 731 2948 G
755 2899 759 2957 Ι
785 2893 891 2948 seruari
910 2913 986 2966 ceps
1013 2897 1022 2965 ΙΙ
1050 2902 1066 2949 3
1089 2895 1119 2948 in
1139 2895 1177 2950 ci·

166 2964 260 3015 eterna
279 2964 343 3031 ias,
363 2960 416 3033 [in]
436 2961 496 3016 cist.
516 2981 551 3034 ep
564 2965 604 3032 ll4
624 2964 836 3018 committuntur
854 2966 946 3037 ioepe
960 2972 998 3034 117
1023 2965 1177 3037 disponunt

165 3033 259 3102 ineps
286 3036 295 3103 ΙΙ
323 3034 486 3088 8scrobcm
503 3035 533 3087 Ε
561 3043 565 3100 ι
595 3034 713 3089 abiectis
732 3036 801 3106 LQ,
824 3035 948 3090 habietis
969 3039 995 3093 G
1021 3041 1030 3108 lt
1059 3045 1090 3091 11
1110 3055 1176 3092 con-

165 3100 279 3183 tinguas
289 3096 319 3157 Ε
331 3107 340 3174 ll
355 3111 387 3158 12
402 3104 450 3158 DE
461 3104 628 3160 OIDONEIS
642 3107 694 3160 ius.
704 3107 735 3160 Ε
749 3109 753 3178 Ι
770 3107 894 3161 cidoneis
907 3111 937 3176 Τ,
952 3108 1079 3178 cydoniis
1093 3111 1153 3164 edd.
1167 3109 1177 3180 ΙΙ

167 3177 200 3225 14
223 3189 284 3225 vrsu
307 3175 337 3228 Ε
362 3178 371 3244 ΙΙ
399 3182 432 3230 15
457 3175 636 3230 cidoneorum
659 3178 719 3245 ΒΕ,
744 3177 916 3233 cidoniorum
939 3182 969 3247 Τ,
993 3180 1178 3248 cydoniornm

166 3243 225 3298 edd.
245 3246 254 3314 ll
278 3251 309 3297 17
330 3246 467 3314 gauderet
485 3249 516 3300 E
536 3249 545 3316 ΙΙ
569 3254 601 3301 19
621 3247 739 3303 eidonea
758 3250 852 3317 SEF,
871 3251 991 3320 cydonia
1013 3253 1043 3320 Τ,
1062 3250 1177 3321 sydonii

166 3314 259 3394 eddi
282 3320 316 3366 20
336 3317 498 3371 statuuntur
516 3320 609 3388 laege
636 3320 645 3388 ΙΙ
673 3325 705 3372 21
727 3319 894 3390 irrigatione
912 3323 943 3375 Ε
966 3323 970 3393 1
996 3325 1104 3376 suatum
1126 3323 1179 3395 Qu

167 3389 200 3436 22
221 3385 437 3440 situs-caloris
456 3405 505 3442 om.
521 3391 547 3442 L
564 3391 568 3458 1
585 3395 618 3442 23
637 3393 732 3444 tamen
750 3390 841 3461 magis
860 3394 983 3452 iucl125
1001 3393 1110 3447 tardius
1125 3395 1158 3448 E
1170 3402 1179 3466 'p

167 3460 200 3506 26
220 3454 299 3524 large
321 3454 382 3508 GE
396 3457 400 3525 Ι
416 3457 526 3512 cidonei
540 3459 567 3526 S,
588 3459 700 3528 cydonii
719 3463 777 3517 edd.
795 3465 799 3531 Ι
816 3462 906 3517 altera
920 3466 946 3518 L
960 3467 969 3536 lt
984 3471 1017 3518 27
1037 3464 1084 3519 uel
1096 3482 1179 3534 pom-

166 3526 214 3576 tur
232 3541 282 3578 om.
293 3543 328 3593 p,
348 3527 377 3577 et
393 3527 508 3593 ponitur
525 3529 586 3582 bob.
602 3530 642 3597 Ε,
662 3531 708 3584 uel
727 3533 840 3602 quando
858 3535 973 3603 ponitur
991 3538 1084 3607 iacgr
