2556 3942
144 201 188 266 52
566 199 737 254 PALLADII

143 347 292 434 purgatis
317 345 467 411 omnibus
491 345 582 411 uelut
604 345 695 410 lacus
719 345 855 429 efficere,
878 349 916 410 ut
935 345 1013 411 solis
1032 346 1162 430 tepori-

138 437 205 527 ·bus
229 441 263 501 et
285 435 446 500 imbribus
469 438 677 519 prouocatur.

158 666 218 732 ΒΕ
243 665 401 732 PRATIS
424 663 724 746 ABSTINENDIS
747 663 799 730 IN
821 663 946 730 Locis
968 663 1149 732 Muclus.

91 796 126 862 Π
212 790 343 876 Apricia
380 794 437 855 aut
474 790 592 856 macris
626 794 683 853 aut
717 789 816 854 aridis
848 791 930 856 locis
964 793 1060 875 prata
1090 790 1164 856 iam

146 882 316 966 purganda
339 884 416 946 sunt
439 883 472 943 et
496 902 515 944 a
536 900 654 963 pecore
677 877 880 944 uindicanda.
1203 910 1216 950 5

177 1093 237 1158 DE
262 1089 620 1159 PROSOINDENDIS
642 1089 777 1157 AGRIS
801 1090 860 1156 ΕΤ
884 1089 1134 1158 IVNGENDIS

284 1197 429 1264 BVBVS
453 1197 542 1264 VEL
566 1196 741 1262 ARANDI
767 1195 1026 1264 DISCIPLINA.

95 1328 147 1395 ΙΙΙ
215 1323 358 1410 Pingues
388 1327 421 1388 et
448 1323 527 1388 sicci
554 1323 626 1409 agri
654 1322 819 1408 proscindi
851 1326 885 1387 et
912 1323 1063 1406 apparari
1094 1323 1168 1389 iam

146 1418 293 1499 possunt.
331 1414 387 1478 sed
409 1414 510 1485 boues
534 1413 650 1477 melius
675 1411 758 1477 eollo
779 1432 876 1495 quam
896 1411 1002 1495 capite
1021 1411 1166 1497 iungun-

147 1507 215 1567 tur:
243 1524 340 1588 quos,
361 1502 419 1567 ubi
443 1501 483 1565 ad
506 1522 675 1566 uersuram
698 1500 861 1585 uenerint,
885 1505 997 1564 arator
1019 1501 1217 1569 retineat1o
1272 1543 1273 1548 ι

147 1596 181 1655 et
213 1589 328 1677 iugum
360 1590 538 1674 propellat,
575 1594 613 1655 ut
650 1611 764 1654 eorum
797 1588 883 1654 oolla
915 1587 1167 1675 refrigerentur.

148 1679 257 1745 sulcus
290 1683 401 1745 autem
433 1679 468 1743 in
500 1678 701 1743 arationibus
734 1677 866 1763 longior
898 1699 996 1762 quam
1029 1683 1167 1744 centum

147 1769 268 1855 uiginti
300 1769 419 1852 pedum
452 1789 521 1833 esse
553 1789 621 1832 non
648 1766 752 1832 debet.
800 1767 994 1831 seruandum
1024 1772 1089 1853 est,
1121 1791 1167 1833 ne

105 1863 124 1926 2
148 1859 235 1922 inter
255 1858 362 1922 sulcos
381 1879 447 1922 non
467 1860 557 1921 mota
571 1860 660 1920 terra
673 1855 884 1940 relinquatur.
918 1855 1033 1940 glebae
1048 1878 1167 1922 omnes

149 1946 293 2012 dolabris
308 1946 512 2030 dissipandae
527 1948 613 2010 aunt.
636 1945 692 2009 sed
707 1944 886 2029 aequaliter
898 1947 1020 2009 terram
1034 1949 1167 2012 motam
1186 1977 1216 2015 ιιι

149 2058 219 2101 esse
248 2036 430 2121 cognoscis,
463 2034 491 2100 si
518 2038 742 2099 transuersam
772 2055 831 2117 per
863 2033 970 2098 sulcos
1002 2035 1168 2118 perticam
1271 2103 1272 2108 ,

148 2125 276 2189 mittas:
304 2146 386 2209 quae
414 2145 466 2187 res
494 2123 622 2207 saepius
651 2122 739 2187 faeta
766 2121 926 2187 bubulcos
955 2124 995 2187 ab
1023 2121 1086 2188 hac
1108 2146 1167 2188 ne·
1271 2123 1272 2142 ³

149 2214 315 2300 glegentia
337 2213 564 2278 summouebit.
602 2211 852 2295 obseruandum,
874 2233 915 2276 ne
933 2211 1063 2276 lutosus
1082 2233 1168 2298 ager

150 2307 259 2366 aretur
283 2306 348 2385 aut,
373 2301 457 2387 quod
481 2322 577 2385 saepe
600 2301 648 2385 fit,
671 2304 746 2384 post
769 2299 884 2385 longas
909 2299 1073 2365 siccitates
1095 2300 1168 2366 leui

106 2397 127 2460 3
151 2391 254 2455 imbre
278 2389 436 2473 perfusus.
476 2412 554 2455 nam
576 2392 677 2472 terra,
706 2411 788 2472 quae
811 2389 919 2453 lutosa
941 2392 1104 2454 tractatur
1127 2389 1167 2456 in
1186 2421 1216 2460 ιο

150 2479 339 2564 primordio,
361 2479 466 2543 fertur
493 2483 565 2544 toto
590 2499 675 2544 anno
697 2499 763 2542 non
786 2499 883 2562 posse
906 2476 1054 2542 tractari:
1079 2500 1168 2563 quae

150 2571 260 2632 autem
293 2589 390 2651 supra
422 2566 539 2631 leuiter
570 2567 679 2632 infusa
711 2570 762 2631 eet
793 2571 827 2630 et
857 2567 970 2631 subter
1003 2566 1101 2652 sicca,
1135 2570 1170 2634 ai
1270 2611 1271 2628 ι

150 2660 229 2721 tunc
253 2660 372 2740 aretur,
396 2655 557 2720 adseritur
580 2677 638 2740 per
661 2654 837 2720 triennium
861 2655 984 2720 sterilis
1007 2655 1088 2720 fieri.
1130 2665 1169 2722 et

150 2744 223 2810 ideo
256 2745 462 2810 mediocrIter
493 2743 620 2809 infusus
653 2766 747 2830 ager,
781 2748 819 2808 nt
851 2766 911 2809 nec
942 2743 1070 2810 lutosus
1102 2768 1169 2812 nec

150 2834 260 2899 aridus
285 2832 342 2918 sit,
364 2833 529 2918 proscindi
551 2833 656 2898 debet.
699 2833 726 2898 si
751 2833 844 2899 collis
867 2838 927 2918 est,
953 2837 1167 2900 transuersus
1185 2864 1213 2905 as

223 3066 237 3114 1
257 3061 430 3132 temporibus
451 3061 486 3129 G,
509 3060 681 3131 temporibus
703 3061 734 3114 Ε
754 3063 763 3130 ΙΙ
786 3066 802 3113 2
826 3063 855 3114 et
877 3059 1015 3114 imbribus
1038 3078 1088 3116 om.
1111 3063 1138 3119 G
1161 3065 1166 3136 Ι

152 3135 339 3202 prouocantur
361 3135 454 3203 torpe
476 3135 485 3201 ΙΙ
509 3138 524 3187 7
547 3133 638 3187 bobus
662 3133 750 3186 Eioc
771 3134 781 3201 ll
804 3136 819 3185 8
845 3130 948 3201 aperiri
966 3132 1007 3202 E,
1032 3135 1139 3204 aptap

153 3209 187 3258 10
206 3202 324 3257 ueniunt
341 3206 353 3257 ι’
371 3208 381 3275 ΙΙ
400 3210 432 3258 12
453 3203 551 3258 autin
569 3202 712 3258 ationibus
733 3203 764 3273 Q,
785 3206 879 3257 autem
897 3202 1090 3257 mansionibus
1110 3205 1142 3259 F

153 3281 186 3328 13
206 3275 375 3328 seruandum
393 3292 459 3330 uero
479 3278 523 3329 est
541 3291 589 3342 os,
610 3275 701 3346 [uero]
719 3291 755 3345 cp
773 3275 782 3344 ll
804 3279 838 3327 14
857 3273 1014 3341 aequaliter
1030 3279 1109 3329 mota
1128 3279 1141 3330 ι’

153 3350 186 3399 15
211 3343 235 3398 si
258 3344 312 3413 E²,
341 3345 381 3398 sic
404 3346 451 3399 E’
475 3363 528 3416 pro
558 3344 683 3399 dolabris
710 3348 719 3416 ll
748 3351 780 3398 16
807 3346 891 3416 [esse]
919 3362 954 3416 cy
985 3347 994 3415 ΙΙ
1028 3351 1061 3400 18
1090 3364 1168 3401 sum-

152 3418 249 3470 mouet
268 3415 295 3470 G
319 3416 323 3486 l
349 3414 563 3470 Obseruandum
581 3418 625 3469 est
641 3417 708 3482 iac,
726 3416 793 3486 [est]
812 3433 848 3486 cp
873 3418 876 3486 l
899 3415 999 3470 lutosis
1017 3417 1051 3484 P,
1070 3416 1168 3473 lutuo-

153 3499 198 3541 sos
220 3487 279 3557 Qu*
299 3489 309 3556 ΙΙ
333 3492 366 3539 20
384 3487 504 3556 perfusis
524 3488 552 3540 P
575 3491 578 3555 Ι
601 3485 715 3540 lutuosa
733 3488 777 3540 est
794 3489 934 3540 tractatur
952 3488 982 3541 Ε
1003 3490 1012 3558 ll
1036 3493 1068 3541 21
1088 3489 1168 3557 prin-

153 3556 227 3627 cipio
242 3575 264 3626 p
277 3561 287 3628 ll
301 3562 335 3610 24
353 3556 481 3611 lutuosus
500 3559 532 3611 E
