2556 3942
174 207 193 271 8
598 204 769 259 PALLADE

127 356 150 418 4
172 353 310 437 imperia
338 351 510 416 seniorum.
556 351 591 414 in
618 351 743 416 uitibus
770 349 922 435 putandis
950 351 1016 416 tria
1044 353 1189 418 conside-

172 443 274 506 randa
293 446 377 525 sunt,
401 440 568 506 fruetuum
587 461 671 524 spes,
693 460 881 504 successura
899 441 1063 526 materies,
1084 442 1188 528 locus,
1263 465 1264 528 j

173 531 229 615 qui
253 534 361 595 seruet
382 552 421 594 ac
439 533 580 594 reuocet.
615 527 719 592 uitem
739 527 767 592 si
785 529 945 593 maturius
964 534 1068 614 putes,
1092 532 1189 615 plura
1263 555 1264 574 ι

173 623 346 696 sarmenta,
371 619 399 683 si
423 618 537 701 serius,
558 617 684 682 fructus
707 618 867 701 plurimos
892 618 1107 702 consequeris.
1148 622 1187 685 de
1263 613 1264 644 ³

172 709 253 774 locis
283 707 466 772 deterrimis
495 707 579 771 sicut
608 707 752 791 arbores,
779 706 828 770 ita
854 707 939 772 uites
968 709 1123 772 conuenit
1146 710 1187 773 ad
1214 737 1226 776 s

173 797 309 861 meliora
337 796 522 861 transferre.
563 799 641 880 post
662 795 783 860 bonam
806 796 1004 861 uindemiam
1029 795 1187 876 strictius,

172 890 250 970 post
272 886 423 970 exiguam
445 885 570 970 largius
593 887 682 969 puta.
722 885 757 948 in
781 885 871 948 omni
893 907 991 969 opere
1013 883 1188 971 inserendi,

172 974 309 1060 putandi
333 996 370 1038 ac
393 973 569 1058 recidendi,
597 973 685 1038 duris
711 978 745 1038 et
768 975 873 1038 acutis
896 977 987 1038 utere
1011 973 1188 1040 ferramen-

110 1125 112 1127 .
172 1065 224 1128 tis.
258 1064 293 1127 in
311 1064 379 1127 uite
397 1061 451 1126 uel
470 1063 595 1147 arbore,
615 1084 696 1146 quae
710 1062 857 1128 facienda
871 1066 956 1144 sunt,
974 1084 1095 1148 perage
1110 1068 1188 1128 ante

173 1153 376 1237 apertionem
403 1151 493 1226 floris
521 1154 554 1216 et
577 1172 734 1237 gemmae.
775 1152 810 1215 in
832 1151 936 1216 uineis
960 1156 1071 1217 aratro
1094 1173 1228 1237 prae-10

173 1243 326 1306 termissa
348 1240 456 1305 fossor
480 1241 638 1305 emendet
675 1241 757 1306 locis
782 1239 905 1321 calidis,
929 1240 1034 1323 siccis,
1058 1242 1190 1325 apricis,

172 1330 428 1415 pampinandum
450 1333 595 1415 nonest,
618 1352 692 1394 cum
715 1329 821 1414 magis
844 1329 922 1392 uitis
945 1333 1038 1413 optet
1056 1331 1189 1414 operiri.

174 1422 206 1483 et
236 1419 293 1484 ubi
320 1419 433 1483 uineas
461 1419 634 1483 uultumus
664 1419 770 1484 exurit
796 1422 853 1482 aut
875 1419 974 1482 flatus
999 1418 1117 1502 aliquis
1141 1442 1189 1484 re·

174 1507 282 1593 gionis
301 1505 461 1590 inimicus,
479 1508 582 1572 uitem
597 1511 747 1592 tegamus
763 1507 974 1572 straminibus
989 1507 1042 1572 uel
1057 1507 1189 1573 aliunde

129 1596 338 1681 oquaesitis.
380 1618 490 1661 ramus
518 1597 637 1683 laetus,
665 1595 778 1660 uiridis
808 1600 841 1660 et
870 1595 993 1660 sterilis
1021 1597 1056 1660 in
1082 1598 1190 1662 media
1204 1626 1230 1664 15

174 1687 246 1750 olea
279 1685 493 1750 abscidendus
525 1690 589 1768 est,
619 1685 711 1749 uelut
738 1685 842 1750 totius
871 1685 997 1750 arboris
1024 1685 1188 1752 inimicus.

174 1775 332 1840 sterilitas
365 1777 398 1838 et
424 1774 612 1857 pestilentia
640 1796 744 1858 aequo
772 1774 869 1839 modo
897 1773 1069 1859 fugiendae
1101 1779 1190 1861 sunt,

173 1864 227 1927 uel
251 1864 279 1927 si
303 1885 412 1928 secum
435 1868 590 1946 utraeque
613 1884 680 1928 ιιοιι
703 1863 833 1927 fuerint.
870 1862 905 1926 in
926 1862 1093 1946 pastinato
1115 1865 1188 1929 solo

173 1952 259 2016 inter
289 1952 435 2016 nouellas
468 1952 553 2016 uites
586 1950 718 2015 omnino
750 1950 834 2016 nihil
866 1956 916 2016 est
943 1953 1189 2016 conserendum.

174 2039 290 2106 Graeci
321 2040 435 2105 iubent
467 2044 610 2123 exceptis
644 2040 808 2126 caulibus,
840 2040 939 2104 tertio
972 2061 1070 2126 anno,
1104 2063 1189 2124 quae
1204 2071 1231 2108 ao

173 2130 299 2207 libebit,
317 2129 496 2214 iniungere.
534 2129 643 2193 omnia
661 2130 827 2214 legumina
847 2127 978 2193 Graecis
998 2128 1189 2212 auctoribus

175 2218 239 2283 seri
257 2218 413 2282 iubentur
425 2218 460 2282 in
475 2217 562 2282 sicca
576 2222 677 2282 terra:
695 2219 772 2283 faba
787 2219 1014 2282 tantummodo
1029 2220 1063 2282 in
1077 2219 1191 2284 umida

130 2309 150 2372 6
174 2307 272 2371 debet
295 2307 433 2392 aspargi.
471 2307 602 2371 domino
627 2307 679 2371 uel
704 2308 819 2373 colono
840 2307 979 2372 confinia
997 2306 1190 2391 possidenti,

175 2394 231 2480 qui
258 2394 395 2458 fundum
423 2397 475 2460 uel
504 2416 619 2480 agrum
648 2417 742 2460 suum
768 2396 869 2479 locat,
897 2397 1024 2460 damnis
1053 2397 1120 2460 suis
1150 2419 1189 2462 ac

174 2484 287 2549 litibus
320 2483 439 2548 studet.
484 2485 519 2548 in
551 2505 630 2570 agro
663 2485 891 2567 periclitantur
920 2484 1089 2567 interiora,
1121 2487 1187 2550 nisi
1205 2513 1232 2553 aa

174 2573 325 2639 colantur
348 2576 503 2637 extrema.
543 2595 637 2638 omne
660 2573 809 2639 triticum
832 2574 903 2639 solo
927 2573 1091 2660 uliginoso
1110 2581 1191 2658 post

175 2661 308 2726 tertiam
332 2661 494 2726 sationem
516 2661 552 2725 in
575 2683 676 2746 genus
697 2661 837 2748 siliginis
857 2667 1085 2728 commutatur.
1122 2665 1192 2728 tria

247 2853 323 2908 1De
350 2853 498 2922 putatione
525 2853 670 2907 vinearum
697 2856 777 2909 addit
805 2855 844 2909 6³
870 2857 902 2908 ia
929 2856 1052 2925 orarpiue
1073 2858 1132 2996 ἐιὸ
1159 2855 1191 2909 Si

175 2925 263 2981 uitem
281 2926 312 2980 Ε
333 2928 341 2996 ιι
365 2930 381 2978 5
409 2924 560 2979 teterrimis
584 2926 670 2995 VQT
690 2928 699 2996 ιι
721 2925 847 2980 homines
876 2929 940 2996 (pro
963 2925 1046 2996 uites)
1106 2927 1190 2996 Vra,

174 2996 296 3051 hominis
313 2998 360 3067 (ιι
376 3002 390 3049 7
410 2995 497 3050 latius
515 2998 608 3067 ioops
622 2999 630 3067 ιι
646 3003 679 3050 10
699 3013 771 3064 quae
790 2997 819 3051 in
838 2995 928 3051 uineis
948 3000 1042 3051 aratro
1060 3000 1190 3067 praeter-

174 3067 261 3122 missa
285 3072 350 3123 sunt
373 3069 404 3138 V,
429 3084 502 3136 quae
524 3067 652 3122 inuenies
676 3071 769 3122 aratro
792 3067 1027 3137 praetermissap
1055 3070 1064 3149 ι
1093 3074 1124 3122 11
1146 3069 1191 3123 De

174 3138 387 3210 pampinatione
411 3139 555 3193 vinearum
578 3141 658 3194 addit
678 3140 718 3194 6³
739 3141 774 3193 lo
793 3141 917 3211 morplue
943 3142 952 3209 ι
981 3145 1013 3193 12
1033 3142 1106 3194 artes
1126 3140 1158 3192 Ε
1183 3141 1188 3213 ι

176 3213 287 3281 oportet
307 3212 365 3280 ιιΕ
386 3214 395 3281 ιι
418 3215 450 3263 13
469 3210 578 3280 regioni
598 3211 655 3265 To
676 3213 747 3281 (cum
765 3213 875 3281 rasura)
893 3228 929 3281 ps
952 3213 961 3280 ιι
985 3216 1018 3264 15
1037 3210 1130 3264 lentus
1150 3212 1190 3280 Ε,

176 3282 292 3361 [laetus]
307 3282 342 3403 cp
356 3281 449 3336 medio
469 3281 548 3336 oleae
562 3282 593 3335 E
604 3284 613 3351 ιι
629 3287 661 3335 16
677 3281 884 3336 abscindendus
901 3282 999 3364 ιιοιι
1015 3284 1018 3352 ι
1035 3282 1121 3336 uelud
1136 3283 1168 3336 Ε
1181 3284 1191 3355 ιι

177 3360 209 3407 17
224 3353 322 3422 fug1en
344 3369 360 3404 a
374 3354 386 3405 ι’
399 3354 408 3420 ιι
423 3359 456 3407 18
471 3353 517 3406 uel
532 3352 556 3405 si
571 3369 664 3406 secum
679 3356 814 3420 utraeque
829 3370 886 3407 non
899 3353 1005 3406 fuerint
1018 3369 1069 3408 om.
1085 3355 1162 3424 ioco

176 3424 236 3478 solo
255 3441 304 3478 om.
325 3423 356 3475 Ε
380 3423 389 3491 ιι
420 3429 452 3476 21
472 3423 544 3478 libet
562 3424 593 3476 Ε
618 3426 627 3494 ιι
655 3426 784 3478 aeterra
806 3423 920 3478 iubetur
943 3431 1008 3492 (pro
1028 3424 1162 3494 debet)p

177 3495 273 3619 spprgi
285 3495 384 3577 ¹inops
397 3495 406 3562 ιι
421 3499 454 3547 25
470 3493 648 3548 exterioraE
660 3497 669 3564 ιι
684 3500 717 3547 26
736 3494 767 3547 in
781 3494 841 3549 solo
858 3512 935 3565 ιιοιι
948 3497 956 3564 ιι
972 3501 1005 3548 27
1026 3495 1136 3565 silignis
1153 3496 1190 3566 G,

177 3582 336 3635 saigrmsa
