2524 3946
487 219 604 276 Acme.
619 221 671 276 ΠΠ
685 227 719 276 10
1041 221 1105 287 133

160 365 401 432 MESPILVM.
422 365 560 451 Mespila
575 367 656 432 locis
671 367 784 433 calidis
799 367 939 432 maxime
954 369 1105 452 gaudent,
1116 365 1157 430 19

96 457 150 521 sed
168 454 321 540 inriguis:
343 460 454 519 tamen
473 454 600 541 frigidis
621 477 750 540 quoque
768 457 976 540 proueniunt:
998 457 1104 542 magis

96 545 251 610 sabulone
283 545 399 630 pingui
431 549 489 608 aut
517 544 667 629 glareosa
694 549 799 628 terre,
827 545 879 610 cui
907 567 1005 610 arena
1034 567 1104 630 per-

95 633 198 698 mixta
227 637 290 717 est,
319 634 372 697 uel
397 632 514 718 argilla
537 655 610 698 cum
635 634 731 698 saxis.
777 634 911 697 serenda
935 639 985 699 est
1009 635 1105 699 taleis

70 744 204 787 smense
233 721 351 786 martio
379 722 431 786 uel
458 721 643 800 membri,
676 723 732 786 sed
762 722 832 787 solo
861 725 1039 787 stercorato
1073 726 1106 787 et

92 813 241 895 subacto,
258 811 306 875 ita
324 816 362 875 ut
381 817 554 895 utrumque
574 816 672 894 caput
690 811 795 875 taleae
814 814 939 876 stercus
955 811 1106 876 obducat.

92 905 170 964 sunt
198 901 267 964 eius
295 899 497 964 incrementa
520 899 717 964 tardissima.
763 902 851 964 amat
873 899 983 983 putari
1007 902 1106 984 atque

93 987 284 1054 circumfodi
314 992 347 1052 ct
374 1009 472 1071 parco
501 1009 613 1052 umore
641 989 728 1053 inter
753 989 917 1054 siccitates
941 1010 1036 1072 saepe
1060 1011 1107 1053 re

92 1078 207 1142 foueri.
254 1077 374 1142 seritur
397 1081 430 1141 ct
454 1078 590 1161 semine,
613 1078 669 1142 sed
692 1078 727 1141 in
749 1077 933 1162 longiorem
957 1082 1107 1161 speratur

54 1190 78 1230 rc
92 1171 243 1231 aetatem.
282 1167 309 1230 si
333 1164 498 1230 uermibus
524 1169 710 1250 occupatur,
733 1166 809 1231 stilo
830 1188 924 1231 aereo
943 1168 1106 1252 purgandi
1117 1165 1160 1230 20

91 1261 171 1320 sunt
203 1259 237 1320 et
269 1276 401 1319 amurca
433 1255 485 1318 ucl
517 1255 660 1320 humana
687 1259 798 1320 uetere
826 1255 920 1319 urina
948 1255 1001 1319 uel
1030 1256 1107 1320 uiua

91 1345 180 1410 calce
203 1342 427 1429 perfundendi,
450 1345 507 1408 scd
529 1345 659 1427 parcius
680 1348 815 1428 propter
834 1343 960 1408 arboris
979 1366 1106 1425 noxam,

89 1433 142 1498 uel
163 1455 251 1517 aqua
269 1432 396 1497 decocti
414 1432 532 1516 lupini:
552 1433 608 1497 scd
627 1437 764 1516 putatur
781 1432 858 1497 hinc
873 1433 970 1497 arbor
985 1432 1106 1497 sterilis

89 1521 171 1587 fieri.
208 1521 305 1586 fimus
330 1525 363 1585 et
386 1520 467 1586 cinis
491 1521 610 1585 uitium
635 1522 742 1604 simul,
765 1521 793 1586 si
817 1522 980 1586 radicibus
1000 1521 1107 1586 infun·

53 1611 224 1692 radantur,
251 1610 395 1674 fertilem
418 1609 563 1674 reddunt.
610 1611 638 1674 si
661 1609 815 1675 formicae
840 1611 997 1675 molestae
1021 1615 1106 1695 sunt,
1117 1610 1156 1675 21

90 1699 224 1764 rubrica
253 1721 326 1763 cum
355 1703 447 1764 aceto
477 1703 509 1762 et
542 1701 648 1764 cinere
682 1703 865 1782 temperata
895 1701 1107 1765 necabuntur.

90 1790 118 1853 si
141 1809 243 1873 poma
266 1787 434 1864 labuntur,
461 1786 605 1852 frustum
632 1789 670 1851 de
700 1789 769 1851 eius
793 1788 901 1852 radice
925 1789 1107 1873 praecisum

88 1877 123 1942 in
142 1877 252 1942 media
271 1876 379 1941 trunci
397 1881 491 1960 parte
510 1877 641 1962 figatur.
678 1876 834 1940 inseritur
852 1899 961 1942 mense
981 1877 1107 1942 februa-

88 1967 138 2031 rio
164 1967 200 2030 in
223 1988 258 2030 se
282 1968 315 2030 et
338 1967 372 2029 in
395 1965 467 2050 piro
492 1968 525 2029 et
548 1966 583 2030 in
605 1965 699 2030 melo.
738 1966 888 2030 surculus
908 1971 1018 2030 tamen
1038 1967 1106 2031 eius

52 2078 76 2118 m
89 2078 127 2120 ex
153 2055 271 2119 arbore
296 2056 403 2118 media
425 2053 521 2118 debet
545 2054 686 2118 adsumit
708 2077 785 2118 nam
804 2055 843 2118 de
863 2054 1107 2119 summitatibus

89 2145 233 2208 uitiosus
257 2147 317 2208 est.
357 2145 393 2208 in
415 2147 532 2207 trunco
555 2143 633 2206 fisso
657 2143 827 2216 inserenda
851 2147 914 2207 est:
937 2165 1015 2207 nam
1039 2165 1107 2208 cor-

87 2233 165 2298 ticis
190 2233 309 2297 macies
332 2232 442 2296 ieiuna
460 2230 507 2295 nil
525 2232 658 2295 nutriet.
696 2233 833 2315 mespila
852 2232 893 2295 ad
912 2232 1106 2296 seruandum
1115 2233 1159 2296 22

88 2321 246 2407 leguntur
273 2322 410 2385 necdum
439 2320 547 2406 mitia,
575 2341 656 2404 quac
680 2326 713 2384 ct
736 2320 771 2383 in
794 2320 910 2384 arbore
934 2320 989 2384 diu
1013 2320 1106 2385 dura-

88 2412 174 2475 bunt
196 2410 249 2474 uel
277 2409 311 2472 in
339 2409 478 2474 urceolis
502 2408 620 2492 picatis
644 2410 697 2473 uel
721 2409 755 2472 in
779 2408 925 2473 ordinem
943 2415 1107 2494 'suspensa

51 2521 75 2562 rs
89 2501 157 2580 uel,
186 2503 224 2563 ut
252 2498 397 2583 quidam,
424 2520 524 2581 posca
552 2498 689 2563 condita.
737 2497 788 2561 die
818 2497 932 2562 serena
954 2498 1107 2584 legantur

89 2611 127 2653 ec
151 2588 260 2652 media
283 2593 316 2651 et
339 2587 442 2671 paleis
467 2588 649 2652 obruantur
673 2586 822 2670 discreta,
844 2610 884 2651 ne
904 2609 943 2651 ea
960 2588 1106 2652 uicissim

89 2681 201 2742 tactus
229 2677 369 2742 adficiat.
415 2677 468 2740 uel
497 2697 570 2740 cum
597 2675 753 2759 pediculis
781 2676 867 2741 lecta
896 2677 1108 2742 semimatura

89 2773 123 2830 et
148 2766 236 2830 salsa
260 2788 345 2849 aqua
364 2786 422 2849 per
441 2765 511 2828 dics
530 2765 672 2849 quinque
691 2769 855 2830 macerata
873 2770 989 2850 postea
1009 2787 1105 2850 sapae

164 2946 177 2993 1
197 2939 295 2993 orus
314 2939 429 2993 auum
443 2940 478 3006 r,
497 2937 545 2991 on
565 2937 721 2993 unsrmo
740 2941 771 2992 n
785 2942 789 3010 p
805 2939 918 3009 uespm
935 2939 982 2993 ns
996 2940 1034 3006 ne
1054 2919 1104 2992 'ses

87 3010 209 3137 imlffil
222 3014 338 3152 titianeni!
349 3009 495 3136 titilius
508 3012 556 3150 til
568 3011 913 3151 itliecplbaulciiii’l
932 3009 1105 3134 {lilllrlal

88 3089 167 3208 dices
186 3154 232 3224 Vll
246 3100 429 3222 estparatur
447 3123 517 3222 Elss
532 3159 565 3206 10
584 3169 671 3207 aeneo
691 3153 718 3218 S,
739 3100 807 3207 atico
822 3153 852 3206 Ε
864 3153 873 3220 υ
889 3156 921 3203 13
941 3150 1037 3220 aliqua
1052 3153 1080 3206 P

88 3224 182 3293 cipro
201 3224 250 3279 sed
269 3226 397 3296 capul?
417 3224 540 3278 fructum
559 3224 608 3292 ΕΙ,
629 3226 671 3278 tet
689 3223 732 3277 E*
749 3239 837 3292 supra
850 3225 859 3292 ll
874 3227 907 3275 18
926 3222 1038 3292 figimus
1053 3242 1075 3292 p

89 3301 123 3350 19
152 3294 182 3348 in
209 3295 289 3354 malo·
307 3295 433 3368 E’oeps
460 3298 468 3365 l
497 3301 530 3348 20
555 3295 640 3348 debet
663 3312 714 3350 om.
739 3295 765 3350 G
791 3297 801 3364 l
828 3300 861 3348 21
890 3292 1024 3348 uitiosum
1047 3295 1078 3348 E
1105 3335 1106 3338 ,

88 3373 123 3420 22
142 3365 215 3420 nihil
236 3367 284 3436 Gli
303 3371 337 3420 25
355 3383 444 3436 pusca
465 3367 580 3438 QGTl,
599 3367 699 3435 postea
718 3367 766 3422 ΕΙ
788 3365 834 3419 uel
854 3382 923 3434 sepa
939 3373 1001 3434 post
1018 3381 1104 3434 posca

88 3439 170 3494 addit
186 3456 213 3507 a,
234 3438 289 3510 [vel
308 3438 389 3509 sapa]
408 3455 461 3508 eps
477 3440 481 3508 Ι
498 3437 616 3491 serenda
635 3438 683 3505 El
703 3436 830 3506 ligantur
848 3439 874 3491 L
892 3439 901 3506 ll
925 3443 959 3490 26
978 3435 1104 3488 uicissim

88 3509 205 3636 c-aleppta
228 3526 278 3564 om.
294 3511 325 3564 E
350 3512 359 3579 l
387 3515 421 3564 28
445 3526 530 3579 sapae
553 3509 616 3577 PS,
645 3524 713 3577 sape
738 3507 840 3578 Qun,
869 3523 939 3576 sapa
960 3508 990 3575 T,
1019 3522 1103 3576 saepe
