2538 3942
467 199 708 256 concon-s
1026 201 1090 268 201

84 370 159 413 cora
187 350 340 413 exsucata
366 345 450 410 nihil
472 345 608 431 prosint.
654 345 815 412 eiciuntur
837 347 967 431 quidem
990 349 1090 413 laeta·
1115 352 1136 416 3

83 438 232 502 minaet
217 435 406 521 tqualibet
391 434 549 499 thiemis
576 439 679 519 parte
724 435 780 500 sed
808 435 837 500 si
863 441 1008 521 tempore
1032 460 1090 503 suo

82 526 143 592 eici
175 526 286 610 eliqua
317 524 443 589 ratione
475 544 542 588 non
575 527 745 608 poterunt,
782 527 956 609 antequam
993 548 1092 612 seras,

80 635 171 679 more
203 613 336 679 seminis
368 634 427 696 per
459 633 556 698 agros
588 612 805 697 puluerems
789 614 944 679 stercoris
973 636 1090 701 sparge

55 703 133 768 ruel
162 703 331 788 caprinum
359 723 458 766 manu
484 699 594 786 proice
622 705 656 766 et
677 705 799 766 terram
821 703 957 769 sarculis
980 703 1090 769 misce.

79 813 138 857 nec
166 792 301 877 prodest
326 791 506 855 nimiums
490 793 669 855 stercorare
692 813 757 856 uno
780 794 927 876 tempore
951 793 1007 857 sed
1030 791 1091 857 fre·

80 885 220 964 quenter
238 884 272 945 et
290 878 425 945 modice.
457 898 536 964 ager
555 899 697 980 aquosus
715 879 789 963 plus
805 879 966 964 stercoris,
986 881 1092 947 siccus

78 991 157 1034 uero
192 969 299 1034 minus
332 967 478 1052 requirit.
529 967 585 1032 sed
616 967 645 1032 si
677 967 861 1034 laetaminis
895 970 990 1054 copia
1025 970 1136 1036 ιιοιι4

78 1058 239 1142 abundat,
261 1058 325 1123 hoc
347 1078 407 1142 pro
431 1059 574 1124 stercore
598 1057 721 1141 optime
744 1057 841 1144 cedit,
813 1061 906 1123 tut
929 1058 1090 1124 sabulosis

40 1146 160 1212 relocis
199 1151 322 1212 cretam
357 1146 391 1211 id
428 1149 478 1210 est
509 1144 660 1231 argillam
692 1167 846 1232 spargas,
883 1147 1019 1213 cretosis
1053 1170 1091 1213 ac

76 1235 217 1300 nimium
240 1235 356 1320 spissis
381 1233 581 1300 sabulonem.
626 1233 688 1299 hoc
715 1238 749 1299 et
771 1234 938 1321 segetibus
962 1236 1091 1320 proficit

76 1328 109 1388 et
128 1323 244 1389 uineas
263 1323 497 1408 pulcherrimas
518 1321 633 1388 reddit.
661 1343 738 1388 nam
757 1323 920 1389 laetamen
936 1323 971 1390 in
984 1325 1089 1390 uineis

75 1434 231 1498 saporem
253 1411 323 1477 uini
346 1412 463 1477 uitiare
486 1411 665 1477 consueuit.

72 1624 135 1691 DE
168 1623 377 1691 SERENDO
401 1622 577 1690 TRITICO
605 1622 662 1689 ΕΤ
685 1622 866 1690 ΑΒΟΕΕΟ
890 1622 940 1690 IN
962 1624 1089 1691 LOCIS

37 1757 61 1798 ιι
355 1729 552 1797 FRIGIDIS
575 1729 633 1795 ET
657 1728 820 1809 OPACIS.

141 1855 216 1921 Hoc
244 1876 355 1921 mense
378 1855 551 1941 uliginosis
574 1853 655 1921 locis
679 1859 735 1920 aut
721 1855 897 1921 texilibus
921 1860 978 1921 aut
1000 1855 1090 1942 frigi·
1110 1856 1143 1921 II

72 1946 124 2010 dis
157 1948 216 2009 aut
244 1945 354 2046 opacis
383 1944 469 2010 circa
498 1944 741 2029 aequinoctium
775 1943 923 2010 triticum
956 1950 989 2010 et
1017 1946 1090 2010 ado-

72 2056 168 2100 reum
198 2033 332 2118 seritur,
359 2033 437 2098 dum
463 2031 622 2098 serenitas
646 2036 776 2098 constat
780 2038 855 2118 ,ut
878 2033 1002 2099 radices
1026 2033 1090 2099 fru-

71 2122 181 2188 menti
204 2127 280 2187 ante
302 2085 445 2250 hiemem
468 2122 706 2188 conualescant.

33 2345 57 2384 ιι
99 2316 164 2383 ΒΕ
190 2314 394 2382 ΕΕΜΕΒΙΟ
421 2314 1067 2401 SALSIVMQRIS‚DnsnM1NVM

154 2421 381 2488 MENSVRIS
404 2422 462 2488 ΕΤ
485 2420 689 2487 DlVERSIS
712 2421 927 2488 REMEDIIS
951 2422 1013 2488 AD

273 2528 502 2594 SATIONEM
526 2525 893 2596 PERTINENTIBVS.

145 2654 239 2721 Solet
261 2658 350 2718 terra
374 2676 518 2719 umorem
542 2654 665 2720 salsum
686 2675 832 2738 uomere,
856 2654 913 2740 qui
937 2659 1092 2757 segetes
1089 2655 1141 2721 III

69 2748 181 2811 necat.
227 2743 284 2808 ubi
307 2743 445 2828 licerit,
469 2742 690 2808 columbinum
713 2745 838 2809 stercus
863 2748 920 2808 aut
944 2732 1092 2828 cupressi

31 2859 55 2900 ιι
71 2833 159 2899 folia
184 2836 315 2918 oportet
338 2793 526 2916 inspergere
550 2835 583 2897 et
605 2831 663 2916 ita,
685 2835 723 2896 ut
746 2833 858 2897 eadem
881 2833 1089 2915 misceantur,

148 3062 304 3114 lexucata
322 3059 384 3128 SE,
409 3060 558 3114 exsuccata
576 3059 612 3128 Ε,
638 3058 799 3113 exiccata'
787 3063 909 3130 caepa!
905 3057 975 3128 {nil
1001 3059 1064 3114 GE
1079 3059 1089 3132 ll

70 3139 227 3188 ornanum
246 3102 483 3201 LlsurcirlisG,
502 3147 552 3185 om.
568 3131 599 3185 Ε
614 3133 658 3200 118
677 3129 779 3200 riecpit
796 3129 919 3201 Ειιιιι
937 3129 968 3182 E
979 3132 1018 3199 {19
1037 3147 1088 3202 pro

69 3221 126 3260 mn.
144 3203 189 3274 Gt
206 3205 332 3271 tempore
351 3203 383 3256 Ε
402 3205 426 3284 t
437 3207 470 3255 10
489 3219 519 3255 cr
505 3204 608 3270 r‚etam
627 3201 674 3255 uel
694 3200 825 3272 argillam
844 3218 874 3268 a,
894 3203 1000 3256 cretam
1019 3202 1087 3274 [vel]

71 3272 207 3344 argillam
227 3291 263 3345 cp
292 3276 296 3343 Ι
326 3271 480 3328 cretosis—
488 3273 652 3327 sabulonem
623 3289 720 3328 mom.
736 3273 766 3326 Ε
790 3273 800 3342 ΙΙ
828 3277 860 3325 11
881 3271 968 3327 etiam
982 3289 1036 3342 pro
1060 3277 1090 3328 ιι

67 3349 179 3416 iacgr,
198 3361 249 3400 om
268 3345 320 3415 Gt
345 3350 377 3398 15
396 3344 443 3398 ΕΤ
463 3343 588 3400 OPAOIS
607 3361 656 3399 oue.
673 3345 699 3397 L
717 3346 727 3413 ll
751 3347 783 3396 17
803 3345 853 3397 aut
870 3359 920 3399 om
934 3345 974 3425 ιΙ
998 3347 1088 3399 ιιοι-

67 3417 157 3471 deum
176 3417 276 3482 E‚om
278 3419 341 3486 ΙΙ
354 3422 388 3470 18
408 3432 453 3470 ιι
453 3432 530 3470 emus
549 3416 586 3485 E,
609 3432 652 3470 se
638 3417 716 3470 etur
734 3414 840 3545 cmii
859 3420 892 3468 19
910 3414 987 3469 hiem
958 3432 1022 3469 men
1042 3415 1088 3495 Vll

68 3493 107 3542 20
126 3459 214 3541 DES
332 3487 362 3540 M
380 3485 562 3540 MENSVRJS
577 3504 627 3542 our
643 3487 746 3554 ια1121
762 3484 809 3538 RE
841 3485 904 3539 EDI
891 3485 1088 3554 locustin-

68 3573 204 3628 spergere
226 3558 274 3614 Ga
290 3558 294 3630 Ι
309 3575 346 3613 ne
360 3561 464 3628 prout
