2538 3942
439 234 556 290 AGRIC.
571 235 623 290 IIII
638 243 743 292 14—16
1034 237 1097 300 147

94 402 186 446 annus
226 381 396 465 exuberat,
432 382 509 446 dum
546 382 648 446 solam
681 403 791 446 curam
825 383 957 469 gerendi
989 382 1097 447 mellis

93 475 247 554 exercent,
270 471 309 535 de
333 471 425 554 prole
447 470 497 534 nil
519 473 681 556 cogitant:
707 472 799 536 cuius
824 472 947 536 omissa
969 493 1098 555 repara-

92 557 171 623 tione
191 559 332 643 populus
351 559 437 624 idem
455 559 568 624 labore
588 559 754 625 confectus
774 560 978 645 extinguitur
992 560 1095 625 totius

92 649 193 732 gentis
223 648 332 714 exitio.
378 648 489 732 itaque
518 670 591 712 cum
619 649 726 714 mellis
748 649 953 713 nimietatem
975 648 1097 713 uideris

71 757 124 799 aex
149 737 268 802 florum
297 737 413 823 grandi
443 742 476 801 et
503 737 658 802 continua
685 759 789 802 messe
817 737 969 821 defluere,
998 737 1098 802 inter·

90 823 176 890 lectis
206 825 309 890 ternis
337 825 450 890 diebus
477 825 587 891 clauso
610 825 769 891 foramine
792 849 860 892 non
882 847 936 890 eas
960 826 1096 910 patiaris

89 915 178 980 exire.
217 913 265 978 ita
288 915 328 978 ad
351 915 568 1001 generandam
592 915 739 980 subolem
760 914 973 980 conferentur.
1010 936 1097 979 nunc
1119 918 1142 982 4

89 1001 168 1068 circa
197 1003 348 1068 calendas
376 1003 494 1086 apriles
524 1003 657 1068 curandi
686 1007 762 1068 sunt
790 1004 888 1087 aluei,
920 1007 958 1068 ut
986 1003 1097 1068 omnia

88 1095 299 1178 purgamenta
330 1092 491 1156 tollantur
524 1096 557 1156 et
589 1093 714 1176 sordes,
747 1115 828 1178 quas
860 1096 990 1176 tempus
1023 1114 1097 1157 con·

55 1182 184 1244 retraxit
215 1181 389 1245 hibernum
422 1185 456 1245 et
487 1180 658 1263 uermiculi
691 1186 724 1246 et
753 1182 861 1246 tineae
889 1185 922 1245 et
950 1203 1096 1266 araneae,

88 1270 201 1352 quibus
230 1270 450 1354 corrumpitur
472 1291 550 1334 usus
574 1269 738 1355 fauorum,
761 1275 794 1335 et
816 1270 1012 1355 papiliones,
1040 1271 1096 1353 qui

87 1358 277 1423 uermiculos
301 1362 444 1423 stercore
463 1380 522 1423 suo
541 1357 667 1423 faciunt
685 1359 785 1424 nasci.
823 1364 901 1428 tunc
920 1359 1029 1423 fumus
1048 1359 1096 1423 in-

86 1447 169 1511 censi
194 1447 271 1511 sicci
296 1445 409 1511 bubuli
433 1447 586 1512 stercoris
609 1448 815 1528 adhibeatur,
845 1447 902 1533 qui
925 1450 1020 1532 aptus
1044 1452 1095 1513 est

86 1535 192 1619 apium
230 1536 345 1600 saluti:
384 1557 467 1619 quae
505 1537 660 1621 purgatio
696 1535 884 1622 frequenter
921 1558 1023 1621 usque
1060 1537 1095 1601 in

51 1648 72 1688 15
84 1625 229 1689 autumni
258 1627 407 1708 tempora
434 1624 624 1689 celebretur.
674 1626 756 1691 haec
784 1626 894 1691 omnia
923 1630 1094 1710 ceteraque

85 1712 201 1778 efficies
230 1717 339 1778 castus
368 1717 401 1778 et
429 1713 558 1778 sobrius
587 1717 620 1777 et
649 1714 773 1779 alienus
804 1736 823 1778 a
850 1713 976 1778 balneis
999 1715 1052 1778 uel
1074 1736 1095 1778 a

85 1801 163 1866 cibis
188 1801 318 1867 acribus
342 1805 375 1866 et
399 1803 507 1866 odoris
531 1802 678 1866 inmundi
702 1807 799 1886 atque
824 1802 976 1867 omnibus
995 1801 1095 1868 salsa·

84 1891 209 1956 mentis.

476 2031 535 2109 DE
559 2030 701 2098 HORIS.

47 2178 70 2216 2⁰
146 2158 210 2223 Hic
235 2157 355 2222 mensis
378 2158 418 2221 ad
436 2157 720 2242 deprehendendas
738 2157 836 2223 horas
856 2157 1019 2223 consentit
1064 2157 1144 2224 XVI

83 2247 218 2313 octobri.

313 2333 404 2400 Hora
508 2333 525 2398 I
597 2335 695 2418 pedes
758 2333 861 2418 XXV,

312 2423 395 2488 hora
492 2422 526 2486 II
596 2423 694 2507 pedes
789 2421 861 2508 XV,

312 2513 394 2576 hora
474 2511 525 2574 ΙΙΙ
596 2512 695 2595 pedes
799 2511 860 2597 XI,

312 2601 395 2664 hora
457 2598 524 2663 IIII
597 2601 693 2682 pedes
761 2599 859 2685 VIII,

313 2689 395 2754 hora
492 2687 524 2754 V
596 2690 694 2774 pedes
796 2689 859 2774 VI,

152 2886 164 2932 1
183 2879 352 2951 generandis
371 2881 431 2935 ΥΕ
445 2883 455 2950 11
473 2885 489 2934 2
507 2880 596 2934 nichil
614 2881 671 2936 SE
687 2883 696 2951 11
715 2887 731 2934 3
750 2881 839 2936 totius
857 2882 949 2952 gentis
968 2898 1018 2936 om.
1033 2883 1065 2935 Ε
1081 2882 1091 2955 11

77 2956 94 3004 4
113 2951 222 3020 generis
239 2969 278 3022 ps
300 2955 309 3022 11
333 2959 348 3006 5
368 2950 568 3006 ex-defluere
587 2969 637 3007 om.
653 2956 696 3022 pl
721 2953 883 3022 granditate
909 2956 938 3007 et
957 2952 1091 3008 continua

78 3024 186 3076 aestate
207 3024 234 3078 V
258 3027 311 3148 116
334 3040 369 3077 11
393 3039 441 3076 eas
465 3023 495 3076 E
520 3026 529 3094 11
557 3030 572 3077 7
602 3024 638 3076 ad
663 3023 856 3094 generandum
880 3041 932 3092 pro
962 3024 998 3076 ad
1026 3041 1088 3095 gen.

77 3093 175 3162 subp
199 3096 203 3164 1
228 3111 258 3149 so
280 3094 354 3149 olem
372 3095 403 3147 E
426 3098 429 3163 1
455 3110 484 3148 se
508 3094 652 3149 conferent
671 3112 711 3164 ps
737 3097 746 3164 11
775 3095 943 3150 Scalendae
962 3112 1012 3150 om.
1032 3098 1064 3150 E

77 3169 113 3217 10
136 3163 210 3219 tinae
233 3166 260 3219 L
283 3168 292 3235 11
316 3172 348 3219 11
375 3165 424 3234 qui
448 3168 569 3220 stercore
593 3183 643 3219 suo
667 3183 775 3220 uermes
799 3165 915 3219 faciunt.
952 3169 1020 3220 tunc
1040 3186 1062 3237 p

78 3240 113 3287 12
137 3235 214 3291 fimus
238 3237 417 3308 PLQW,
446 3253 496 3291 om.
521 3237 551 3290 Ε
579 3239 583 3307 1
613 3236 708 3291 incens
731 3238 763 3290 Ε
788 3241 797 3308 11
825 3243 858 3290 13
888 3236 955 3292 sicci
983 3255 1032 3294 om.
1058 3257 1089 3308 p,

77 3308 109 3359 et
131 3304 196 3361 sicci
217 3309 279 3362 bob.
299 3326 329 3376 o,
354 3308 406 3379 [et]
432 3307 499 3361 sicci
522 3325 570 3378 cp,
590 3307 1014 3432 1111111111111411111111.
1035 3327 1058 3378 p
1079 3309 1090 3382 11

77 3381 113 3428 15
133 3381 314 3449 autumpnum
336 3382 446 3448 tempus
467 3379 497 3432 Ε
524 3381 528 3450 1
558 3396 589 3433 11
602 3380 746 3434 ebrature'
773 3382 782 3449 11
811 3386 843 3434 16
868 3379 972 3435 efficiet
995 3383 1089 3435 custos

77 3450 170 3504 castus
188 3453 222 3520 sl
245 3449 353 3504 alineus
372 3450 399 3504 L
424 3451 428 3522 1
454 3451 490 3505 ab
511 3449 585 3504 alliis
604 3452 623 3520 a,
644 3451 679 3505 ab
700 3448 774 3503 alliis
794 3453 823 3505 et
842 3449 944 3507 cibiss
966 3454 975 3520 11
998 3457 1032 3504 20
1052 3450 1089 3504 ad

76 3518 263 3587 deprehensas
288 3521 318 3574 Ε
343 3524 352 3591 11
380 3527 412 3574 21
442 3521 565 3576 octobris
588 3522 619 3575 Ε
635 3525 644 3591 11
667 3526 700 3574 22
728 3520 818 3575 habet
846 3529 909 3576 eote
934 3522 1021 3591 pedes
1045 3522 1089 3576 in·

74 3592 141 3647 serit
158 3593 257 3663 Ε1125
275 3591 361 3662 pedes
379 3591 457 3645 VIIII
474 3593 506 3645 Ε

874 3679 929 3732 10*
