2556 3942
465 216 583 272 AGRIC.
598 217 612 271 Ι
625 223 730 272 40-42
1061 218 1106 282 49

92 385 277 429 mensuram
302 363 418 444 cubiti,
443 364 562 447 quibus
584 363 679 428 facile
704 369 768 448 est,
791 364 878 448 quod
901 386 958 449 per
982 386 1106 428 serram

91 451 162 518 fieri
190 475 257 517 non
283 456 409 538 potest,
435 454 610 518 resecando
641 457 757 518 trunco
786 453 913 518 arboris
941 458 999 518 aut
1024 454 1105 518 uitis

92 541 255 622 interseri,
285 563 375 625 acus,
403 564 462 625 per
491 563 570 626 quas
598 542 633 605 in
660 543 801 625 pastinis
830 547 995 607 sarmenta
1022 565 1105 607 mer·

92 635 224 717 guntur,
247 630 348 696 falces
372 652 391 693 a
414 636 509 715 tergo
534 635 645 695 acutas
670 634 768 715 atque
791 631 931 712 lunatas,
954 630 1105 696 cultellos

64 720 172 784 sitem
205 741 323 785 curuos
356 719 513 799 minores,
550 742 608 803 per
647 741 727 803 quos
761 719 900 784 nouellis
933 720 1105 784 arboribus

92 806 215 873 surculi
243 808 327 872 aridi
354 813 411 872 aut
440 812 586 872 extantes
614 806 742 873 facilius
771 812 995 893 amputentur:
1026 809 1107 873 item
1131 811 1152 875 3

92 896 259 962 falciculas
289 895 497 962 brevissimas
521 897 703 979 tabulatae,
732 897 850 982 quibus
876 897 1000 962 silicem
1026 898 1107 961 sole-

92 1007 166 1050 mus
195 984 375 1070 abscidere,
408 986 548 1050 serrulas
578 986 736 1071 minores,
767 1007 906 1072 pangas,
938 1007 1108 1072 runcones,

92 1075 212 1160 quibus
235 1079 372 1158 uepreta
389 1075 624 1159 persequimur,
648 1096 776 1139 secures
796 1073 960 1158 simplices
978 1075 1032 1139 uel
1050 1075 1108 1139 do-

49 1191 76 1230 ro
91 1163 249 1246 labratas,
268 1164 414 1228 sarculos
432 1164 486 1228 uel
506 1164 671 1248 simplices
691 1163 743 1228 uel
762 1165 910 1228 bicornes
930 1164 983 1229 uel
1003 1164 1108 1228 ascias

91 1254 128 1317 in
153 1274 267 1317 auersa
291 1256 383 1334 parte
407 1252 584 1317 referentes
608 1259 747 1318 rastros:
777 1251 857 1317 item
879 1258 1036 1336 cauteres,
1059 1274 1108 1317 ca·

92 1340 251 1406 stratoria
280 1340 478 1405 ferramenta
503 1346 601 1425 atque
625 1340 772 1406 tonsoria
795 1341 847 1405 uel
871 1364 954 1426 quae
978 1342 1018 1406 ad
1042 1341 1107 1405 ani·

91 1429 230 1495 malium
252 1429 359 1504 solent
377 1431 539 1514 pertinere
558 1428 760 1495 medicinam.
797 1430 925 1496 tunicas
944 1453 1022 1496 uero
1041 1431 1108 1515 pel·
1131 1433 1154 1496 4

91 1519 188 1584 licias
219 1540 293 1584 cum
317 1518 451 1584 cucullis
476 1524 509 1583 et
533 1541 642 1584 ocreas
667 1520 873 1603 manicasque
898 1520 936 1584 de
959 1521 1109 1604 pellibus,

48 1629 177 1692 requae
204 1608 257 1672 uel
285 1608 321 1672 in
348 1607 441 1672 siluis
468 1606 521 1671 uel
549 1609 583 1672 in
611 1608 780 1693 uepribus,
811 1609 934 1674 rustico
963 1609 1111 1693 operiet

92 1696 266 1762 uenatorio
289 1695 417 1781 possint
441 1718 511 1761 esse
535 1695 732 1762 communes.

162 1784 312 1870 Expletis
326 1785 387 1866 his,
402 1808 483 1870 quae
497 1787 663 1870 pertinent
678 1786 719 1850 ad
729 1786 879 1872 generale
889 1789 1110 1871 pracceptum,

90 1897 181 1940 nunc
210 1896 326 1958 operas
355 1897 429 1938 suas
459 1875 598 1960 singulis
627 1875 792 1939 mensibus
816 1874 1051 1959 explicabimus
1077 1882 1110 1939 et

92 1987 113 2028 a
136 1985 249 2027 mense
272 1961 425 2028 Ianuario
448 1962 604 2028 faciemus
628 1962 769 2028 initium.

168 2161 182 2208 1
204 2155 477 2224 quod—resecando
492 2173 542 2210 om.
550 2173 573 2224 p
586 2157 595 2224 11
610 2161 625 2208 2
640 2154 747 2209 truncis
762 2155 870 2209 arboris
884 2153 1022 2221 interseri,
1037 2156 1113 2222 quod

90 2243 145 2298 per
166 2243 279 2296 sarpam
297 2225 358 2280 fieri
375 2243 433 2281 non
451 2229 558 2296 potest:
580 2243 646 2280 acus
662 2245 683 2295 p
697 2229 706 2296 11
729 2233 745 2280 3
766 2243 830 2280 acos
849 2227 895 2295 Vn
917 2232 934 2279 4
954 2225 1046 2294 adque
1067 2225 1114 2298 Qll

92 2298 207 2352 binter
221 2314 275 2366 pro
293 2297 362 2351 item
381 2298 430 2366 ΕΙ
447 2315 546 2352 curuos
566 2314 616 2352 om.
628 2315 650 2366 p
664 2300 673 2368 11
694 2304 709 2352 6
730 2299 913 2366 amputantur
930 2297 981 2366 Ε11
1002 2302 1016 2350 7
1035 2296 1113 2351 facu-

89 2370 136 2423 las
147 2386 173 2438 1)
188 2371 192 2438 1
209 2367 355 2423 tabulatae
369 2369 437 2438 La,
456 2368 610 2423 tribulatae
624 2371 718 2440 iacps
742 2371 745 2440 1
772 2367 930 2422 solebamus
944 2369 976 2421 E
996 2371 1005 2438 11
1028 2374 1044 2422 8
1064 2370 1113 2423 ab·

91 2439 225 2494 scindere
243 2457 301 2510 apa
317 2442 321 2510 1
337 2439 446 2522 bangas
465 2440 586 2509 PVSp,
605 2457 733 2510 uuangas
755 2440 808 2510 Qt,
826 2456 954 2510 uanguas
970 2440 1000 2493 E
1011 2442 1050 2509 119
1071 2456 1113 2494 se-

91 2528 178 2565 curas
198 2511 241 2580 811
262 2517 295 2564 10
314 2510 461 2581 simphces.
490 2511 619 2565 bicornes
639 2512 686 2582 ΕΙ
704 2514 733 2565 et
752 2509 841 2564 ascias
856 2511 903 2566 Es
916 2513 924 2581 11
941 2517 972 2564 11
994 2511 1113 2566 aduersa

91 2581 208 2637 Pana·
223 2583 228 2652 1
243 2580 424 2637 in-rastros
443 2599 527 2651 caup
543 2585 547 2654 1
564 2585 692 2636 cauteres
711 2583 742 2636 E
762 2585 771 2652 11
795 2588 828 2636 13
849 2599 915 2636 uero
935 2599 1019 2651 emp
1035 2584 1039 2652 1
1054 2583 1114 2653 pel-

89 2653 184 2708 liceas
204 2671 224 2707 a
250 2656 260 2722 11
289 2659 321 2706 14
345 2653 415 2707 culis
434 2654 482 2724 El,
506 2671 541 2709 cu
559 2653 600 2706 L*
622 2671 721 2723 supra,
744 2652 880 2724 pelliciae.
910 2652 1034 2707 cucullas
1057 2655 1088 2708 E

89 2723 186 2779 ocreis
204 2723 331 2778 manicas
342 2743 364 2794 p
377 2727 385 2794 11
401 2731 433 2778 15
448 2742 521 2794 quae
535 2743 586 2780 om.
603 2725 629 2779 G
644 2726 648 2795 1
664 2725 711 2778 uel
725 2732 789 2780 mate
801 2725 832 2778 in
845 2723 925 2778 siluis
940 2742 990 2779 om.
1005 2725 1091 2794 LFp

89 2811 181 2866 opere
199 2795 231 2850 E
252 2798 261 2865 11
285 2801 318 2849 16
337 2799 455 2865 possunt
474 2797 504 2849 E
524 2799 533 2866 11
562 2802 594 2850 17
613 2794 900 2866 Expletis-initium
917 2797 1016 2850 babeat
1034 2797 1113 2851 codd.

89 2875 160 2923 ante
179 2874 265 2936 caput
278 2868 300 2920 I
314 2867 380 2922 libri
393 2869 432 2921 ΙΙ
440 2870 450 2937 11
464 2873 497 2922 19
518 2885 535 2922 a
554 2885 603 2923 om.
621 2867 683 2922 GE
697 2869 701 2937 1
717 2867 830 2920 initium
848 2866 984 2920 faciamus
1007 2868 1032 2920 Τ

151 3681 300 3720 mmm
314 3680 348 3720 ert
359 3677 490 3720 schmitt.
