2556 3942
147 165 191 227 24
570 163 740 216 PALLADE

149 308 262 373 nidore
286 309 472 393 saporabit,
503 330 565 392 quo
591 330 685 393 saepe
709 307 866 398 infectum
890 309 997 374 colore
1021 330 1166 373 corrum-

148 399 239 483 pitur
262 402 295 462 et
318 419 442 482 sapore.

269 628 329 693 DE
356 626 567 693 STABVLIS
592 625 810 703 EQVORVM
833 627 890 692 ΕΤ
913 626 1046 694 BOVM.

95 753 175 819 XXI
244 752 379 818 Stabula
408 775 565 838 equorum
592 753 645 817 uel
668 753 780 838 boum,
808 752 1001 818 meridianas
1030 753 1165 837 quidem

148 844 324 927 respiciant
353 847 480 926 partes,
507 864 574 906 non
602 846 712 906 tamen
741 845 857 925 egeant
886 842 1164 926 aseptemtrione
1193 869 1207 908 5

149 933 338 1015 luminibus,
363 953 444 1014 quae
468 954 525 1015 per
544 930 685 995 hiemem
705 931 815 995 clausa
832 929 915 995 nihil
933 934 1079 1015 noceant,
1103 953 1164 1013 per

151 1025 309 1085 aestatem
337 1019 503 1103 patefacta
531 1019 732 1104 refrigerent.
778 1018 850 1103 ipsa
875 1019 1005 1084 stabula
1027 1024 1166 1104 propter

149 1110 289 1195 ungulas
305 1107 495 1172 animalium
511 1109 551 1173 ab
569 1108 658 1173 omni
671 1128 784 1172 umore
799 1129 957 1191 suspensa
967 1108 1041 1173 sint.
1060 1108 1165 1174 boues

148 1198 318 1262 nitidiores
345 1198 439 1280 fient,
468 1197 496 1260 si
524 1198 633 1263 focum
661 1197 807 1281 proxime
830 1198 974 1262 habeant
997 1196 1165 1262 etlumen

149 1288 329 1351 intendant.
363 1290 437 1351 octo
457 1286 553 1370 pedes
574 1288 614 1350 ad
629 1286 771 1370 spatium
786 1286 893 1350 standi
908 1285 1047 1372 singulis
1061 1287 1164 1351 boum
1180 1313 1208 1351 ro

149 1375 283 1460 paribus
305 1376 472 1439 abundant
487 1385 518 1439 et
532 1375 567 1439 in
580 1375 786 1459 porrectione
801 1375 993 1458 quindecim.
1025 1376 1163 1459 plancae

150 1465 307 1529 roboreae
331 1465 557 1549 subponuntur
581 1464 779 1529 stationibus
803 1486 974 1548 equorum,
997 1469 1036 1528 ut
1058 1464 1164 1529 iacen-

150 1553 238 1618 tibus
263 1552 361 1618 molle
385 1554 444 1634 sit!
467 1553 630 1617 stantibus
654 1553 778 1617 durum.

535 1782 595 1848 DE
621 1780 773 1848 OORTE.

96 1906 191 1973 XXII
259 1904 340 1972 Gors
359 1908 399 1973 ad
419 1907 587 1972 meridiem
602 1911 713 1992 pateat
732 1912 765 1972 et
785 1908 913 1972 obieeta
932 1906 976 1970 sit
995 1906 1207 1992 soli,quia15

150 1995 279 2061 facilius
313 1997 375 2061 erit
407 2001 543 2081 propter
575 2019 626 2080 ea,
658 2019 740 2080 quae
774 1997 902 2082 insunt,
933 1995 1087 2060 animalia
1121 1998 1165 2061 ad

151 2086 285 2150 aestatis
310 2086 555 2170 temperandum
580 2085 720 2150 calorem
743 2085 889 2169 porticus
912 2083 1022 2166 furcis,
1049 2087 1165 2150 asseri-

150 2176 212 2239 bus
236 2180 269 2240 et
287 2174 401 2239 fronde
421 2172 563 2258 formari,
587 2196 669 2258 quae
690 2175 741 2238 uel
761 2173 915 2239 scindulis
934 2174 996 2258 uel,
1020 2174 1049 2238 si
1068 2175 1166 2259 copia

223 2389 237 2436 1
257 2381 349 2437 nitore
367 2384 402 2450 L,
423 2383 522 2438 ardore
541 2384 577 2452 F,
596 2382 728 2436 sumitore
747 2383 790 2454 Vl
806 2382 958 2452 uaporauit
970 2383 1050 2454 LV!
1068 2383 1164 2440 calore

154 2453 865 2525 ῑ713113ΒΤΑῙᾸῙΒἮΑῙΕΘΙῙἚῙᾸ(ΗΕΤΒΟἯὟῙ
879 2456 1022 2525 01111114
1038 2455 1165 2529 ΜΕΝ

150 2532 166 2580 6
184 2523 340 2595 respiciunt
353 2526 390 2594 F,
408 2526 509 2595 plagas
523 2525 677 2594 respiciant
690 2543 767 2596 ceps
783 2526 787 2595 l
804 2528 889 2595 egent
902 2526 929 2581 V
942 2528 946 2596 Ι
963 2526 1164 2597 septentrionis

150 2599 214 2666 (pro
229 2613 246 2650 a
261 2595 470 2667 septemtrione)
487 2597 576 2666 Gacp
588 2599 597 2665 ll
612 2602 627 2650 8
644 2595 806 2652 abomnium
819 2597 887 2650 hore
899 2597 926 2650 L
940 2601 949 2668 ll
963 2603 979 2652 9
993 2598 1101 2652 habeat
1117 2598 1140 2668 Q

149 2667 245 2737 ignem
263 2668 286 2735 i,
305 2666 380 2737 ignis
399 2667 495 2721 lumen
514 2685 561 2735 as,
582 2667 680 2738 [ignis]
699 2668 794 2721 lumen
812 2685 848 2738 ep
866 2670 875 2738 {l
895 2673 929 2722 10
947 2669 1032 2722 boum
1051 2685 1101 2723 om.
1118 2687 1140 2738 p
1162 2669 1165 2742 l

151 2745 183 2792 11
202 2737 349 2809 plantaci
375 2740 384 2807 ll
413 2745 445 2792 12
464 2738 601 2792 roboreae
621 2739 647 2793 G
672 2743 675 2809 Ι
702 2756 836 2808 equorum
856 2740 933 2810 [cum
951 2739 1099 2821 stramine]
1118 2759 1163 2811 eq,

149 2812 208 2865 siae
226 2811 306 2864 anas
324 2827 360 2864 ae
373 2813 382 2880 ΙΙ
398 2816 429 2863 13
448 2809 523 2864 mole
541 2811 590 2879 Lll
606 2815 638 2862 15
658 2810 758 2864 obice.
778 2854 783 2864 .
800 2853 827 2864 ..
848 2827 920 2880 quae
939 2811 1035 2864 insunt
1054 2828 1164 2865 amma-

149 2881 224 2936 libus
244 2881 281 2936 ad
300 2881 437 2935 aestatis.
455 2925 460 2935 .
478 2925 483 2935 .
500 2925 505 2936 .
520 2881 645 2950 porticus
664 2881 750 2935 furcis
771 2881 910 2936 asseribus
931 2885 960 2936 et
972 2882 1071 2937 fronde
1088 2925 1093 2936 .
1111 2927 1116 2937 .
1134 2926 1138 2936 .
1157 2928 1162 2937 .

149 2953 196 3006 ucl
215 2952 350 3007 scindulis
368 2952 415 3006 uel
434 2951 458 3005 si
477 2952 559 3022 copia
578 2952 745 3023 suppetit..
762 2995 768 3006 .
785 2997 789 3007 .
807 2951 867 3007 sine
880 2953 1009 3024 impensa
1021 2952 1164 3023 placuerit

150 3026 235 3093 tegcn
250 3068 255 3078 .
272 3068 277 3078 .
295 3068 300 3078 .
320 3024 342 3078 S
358 3025 391 3078 iri
409 3031 484 3078 terta
503 3025 547 3092 (ef.
559 3026 669 3093 praefi),
688 3041 750 3079 cam
767 3025 845 3093 sipao
863 3025 1081 3080 intercalationis
1098 3033 1164 3081 acte

151 3111 223 3163 quae
242 3096 274 3147 ia
287 3097 421 3166 oicrpiae:
442 3094 544 3164 capiat.
574 3094 663 3164 frigus
685 3095 811 3165 repellat.
840 3095 891 3149 His
910 3112 984 3150 uero.
1015 3097 1164 3151 Praeterea

149 3167 215 3233 fiais
233 3167 332 3233 capitis
349 3167 515 3235 insequentis
533 3167 697 3232 conferatur.
731 3165 790 3220 soli.
819 3166 871 3220 His
889 3183 956 3221 uero
975 3183 1047 3236 quae
1066 3167 1164 3222 insunt

152 3235 321 3291 animalibus
341 3237 377 3290 ad
397 3240 464 3291 aest.
484 3239 568 3306 temp.
589 3236 641 3291 cal.
657 3239 693 3306 Ε,
714 3237 775 3305 soli,
794 3254 849 3304 quo
868 3237 981 3292 facilius
999 3237 1091 3292 hieme
1111 3239 1163 3292 ali-

151 3325 235 3376 quem
257 3309 383 3375 teporem
406 3307 560 3377 concipiat,
583 3310 697 3378 propter
720 3325 766 3376 ea,
790 3326 862 3376 quac
885 3309 993 3377 insunt,
1019 3308 1162 3378 animalia,

152 3378 254 3446 quibus
274 3377 417 3431 etiamad
437 3382 504 3434 aest.
524 3381 609 3448 temp.
632 3379 682 3433 cal.
703 3396 780 3450 ceps
801 3382 811 3448 ll
835 3385 867 3434 16
888 3379 1030 3434 animalia.
1060 3379 1105 3433 Ad
1124 3383 1135 3434 i
1152 3383 1163 3505 pl

153 3455 185 3502 18
204 3448 319 3504 formari
339 3448 442 3503 debent
461 3451 583 3520 Eurys,
602 3448 737 3503 formetur
753 3469 774 3518 p
795 3452 801 3531 l
821 3450 962 3504 scandulis
981 3453 1093 3521 iocpsl
1115 3469 1151 3506 ue

152 3521 175 3573 si
191 3521 272 3590 copia
287 3519 412 3588 suppetit
428 3537 477 3575 om.
491 3522 521 3587 Τ1
536 3519 582 3573 uel
598 3519 621 3572 si
637 3521 718 3589 copia
731 3521 817 3575 fuerit
831 3522 877 3575 uel
892 3522 1017 3591 suppetit
1026 3523 1120 3590 presb.
1132 3525 1164 3577 Ε
