2556 3942
516 169 708 232 admotas
1076 178 1118 243 39

174 323 301 390 Calices
325 324 466 410 galbano
489 324 597 389 infuso
620 322 777 408 fugantur
799 327 856 388 aut
879 323 1011 407 sulfure,
1036 325 1118 408 puli·

99 436 157 479 ces
192 433 325 478 amurca
352 435 410 496 per
437 413 661 496 pauimentum
688 412 876 498 frequenter
904 435 1037 498 aspersa
1065 414 1118 477 uel

100 502 234 587 cymino
263 502 386 587 agresti
417 523 490 566 oum
516 523 601 586 aqua
623 501 703 566 trito
727 501 780 566 uel
804 500 983 567 cucumeris
1008 523 1118 567 semen

101 589 246 676 agrestis
274 611 360 674 aqua
387 590 568 655 resolutum
597 612 692 673 saepe
721 589 893 655 infundens
920 591 974 654 ucl
1000 613 1118 675 aquam

68 681 291 764 slupinorum
314 679 444 763 psilotri
467 679 716 744 austeritatibus
740 679 852 743 intam.
1150 681 1171 746 9

168 767 293 853 Mures,
322 769 350 832 si
379 789 545 832 amurcam
572 768 712 852 spissam
739 768 871 851 patinae
898 767 1056 833 infuderis
1083 773 1116 834 et

95 859 132 923 in
159 859 257 922 domo
280 860 376 922 nocte
398 857 556 942 posueris,
581 856 812 921 adhaerebunt.
853 857 934 922 item
956 857 1117 922 necabun-

95 951 171 1030 tur,
196 946 224 1010 si
248 946 414 1011 helleboro
438 945 533 1030 nigro
558 967 688 1010 cascum
711 946 764 1010 uel
787 967 905 1029 panem
928 946 980 1010 uel
1005 946 1116 1030 adipes

94 1035 154 1100 uel
179 1035 347 1119 polentam
370 1033 568 1119 permisceas
592 1038 624 1098 et
648 1033 778 1099 offeras:
803 1042 835 1098 et
859 1035 999 1119 agrestis
1023 1056 1116 1100 cucu-

54 1154 80 1192 10
94 1125 202 1189 meris
226 1127 261 1187 et
284 1123 521 1208 colocynthidis
546 1122 680 1187 suffusio
706 1123 752 1188 sic
775 1123 917 1188 nocebit.

170 1211 338 1277 Aduersus
362 1233 469 1298 mures
493 1216 641 1296 agrestes
663 1210 822 1295 Apuleius
846 1212 968 1278 adserit
991 1213 1117 1278 semina

94 1302 229 1367 bubulo
251 1301 326 1366 telle
349 1301 554 1384 maceranda,
583 1304 757 1385 antequam
780 1321 926 1386 spargas.
967 1302 1117 1367 nonnulli

95 1389 298 1457 rododalnes
322 1389 410 1455 foliis
430 1390 538 1454 aditus
558 1411 670 1454 eorum
690 1390 853 1472 claudunt,
878 1391 934 1474 qui
952 1389 1037 1455 rosis
1055 1391 1117 1471 his,

95 1480 181 1544 dum
205 1479 239 1543 in
263 1478 387 1543 exitum
409 1477 572 1562 nituntur,
597 1479 769 1542 intereunt.

53 1597 79 1638 15
169 1567 288 1652 'lalpas
317 1566 433 1632 Graeci
464 1566 527 1632 hoo
557 1587 674 1653 genere
704 1571 952 1651 persequuntur.
998 1590 1115 1634 nucem
1126 1571 1169 1637 10

93 1656 262 1743 perforari
293 1655 408 1721 iubent
438 1657 492 1721 uel
526 1656 657 1741 aliquod
687 1656 777 1739 pomi
806 1675 908 1741 genus
938 1657 1114 1722 soliditatis

95 1745 255 1812 eiusdem
287 1744 335 1810 ibi
354 1745 464 1830 paleas
484 1749 517 1810 et
536 1746 668 1810 cedrum
688 1767 761 1810 cum
776 1744 899 1810 sulfure
915 1745 1117 1811 sufficienter

94 1835 234 1901 includi.
270 1838 348 1900 tunc
372 1856 483 1899 omnes
507 1833 662 1918 paruulos
686 1833 793 1898 aditus
818 1837 851 1898 et
870 1835 996 1918 reliqua
1014 1835 1116 1920 spira-

95 1927 217 1990 menta
245 1923 409 2007 talparum
441 1923 614 2009 diligenter
647 1923 797 1999 adobrui,
829 1945 929 1988 unum
960 1923 1116 2008 foramen,

52 2043 80 2082 so
95 2013 190 2098 quod
218 2012 366 2095 amplum
393 2014 456 2093 est,
488 2011 662 2094 reseruari,
694 2011 729 2074 in
760 2011 851 2076 ouius
881 2012 972 2076 aditu
1000 2035 1116 2078 nucem

93 2104 191 2168 intus
214 2101 380 2166 incensam
404 2101 450 2165 sic
474 2101 565 2184 poni,
591 2107 629 2164 ut
653 2101 694 2164 ab
717 2121 782 2164 una
804 2104 897 2184 parte
920 2101 1018 2166 flatus
1041 2124 1114 2186 pos-

96 2193 144 2256 sit
179 2190 338 2272 accipere,
371 2211 452 2272 quos
485 2190 525 2253 ab
558 2188 623 2253 alia
654 2192 746 2271 parte
779 2188 951 2253 diffundat:
988 2190 1036 2255 sic
1068 2192 1115 2254 in-

94 2279 198 2366 pletis
228 2279 317 2344 fumo
345 2277 503 2345 cuniculis
531 2278 639 2361 talpas
666 2278 718 2342 uel
747 2277 860 2362 lugere
886 2277 1036 2362 protinus
1060 2280 1113 2344 uel

94 2390 218 2436 necari.

174 2621 187 2668 1
209 2613 313 2667 conara
335 2611 443 2682 panas
466 2613 546 2668 ausa
565 2611 606 2666 a³
628 2593 659 2665 a
680 2612 804 2683 mamea
828 2613 832 2682 ι
858 2612 991 2681 sulphure
1012 2613 1114 2684 ossa,

95 2685 214 2740 sulfure.
243 2683 354 2738 Pulices
372 2701 408 2754 gs
430 2685 440 2754 ll
462 2690 479 2737 3
498 2683 600 2737 cimino
623 2682 710 2754 QSa'o
734 2684 738 2754 l
764 2682 811 2737 uel
830 2682 854 2735 si
873 2701 949 2755 acps
970 2687 973 2754 Ι
995 2685 1114 2754 agrestis

96 2773 197 2812 semen
219 2757 325 2826 iacgr,
346 2755 464 2825 agrestis
489 2772 577 2824 onap
604 2758 613 2824 {l
639 2760 657 2807 4
680 2754 810 2808 infundes
835 2771 911 2825 acps
937 2757 940 2826 l
967 2773 1040 2824 aqua
1060 2756 1109 2828 El

96 2835 115 2882 5
145 2827 237 2881 iutum
265 2827 292 2880 V
319 2827 351 2880 ia
382 2844 451 2894 raa,
483 2825 609 2880 iunctam
642 2826 768 2896 Etocps
799 2828 808 2897 {l
845 2831 860 2878 6
890 2843 1036 2896 amurgam
1065 2827 1088 2897 Q

96 2899 193 2969 spissa
213 2897 266 2967 θη
284 2903 301 2951 8
320 2897 443 2951 elleboro
465 2896 558 2978 Qls&
582 2896 706 2977 elloboro
728 2897 754 2951 Τ
772 2896 775 2968 l
795 2913 882 2966 panes
902 2898 933 2951 E
947 2896 1110 3020 &adipe'p'l

96 2968 298 3110 {blida-l
319 2970 519 3094 littra:
536 2969 1114 3113 il⁰lllil¹ulnllalfflldldlslltlllll

99 3119 133 3166 11
156 3082 307 3164 causanti
327 3111 353 3164 a
366 3112 375 3181 p
391 3116 424 3164 13
443 3083 606 3165 soconda
626 3111 660 3178 o,
680 3109 810 3164 rosana
830 3110 867 3178 a,
886 3041 1113 3181 roaosapne'spd,

99 3260 134 3308 15
154 3253 259 3307 Contra
275 3252 369 3322 talpas
388 3255 467 3308 addit
487 3253 527 3308 6³
544 3254 577 3307 a'a
594 3255 737 3324 marginal
760 3254 943 3322 persecuntur
964 3253 1089 3323 QVGE

100 3331 134 3379 16
154 3323 265 3392 aliquid
283 3325 314 3378 E
332 3325 336 3394 l
361 3323 471 3394 generis
491 3325 522 3378 E
542 3327 551 3394 ΙΙ
575 3331 607 3377 17
628 3323 741 3378 cadram
759 3323 858 3393 LQV,
877 3323 1001 3377 cedriam
1019 3324 1073 3380 ST

98 3412 193 3450 ceram
208 3395 300 3466 Facg
313 3398 322 3465 ΙΙ
341 3401 369 3449 ¹9
385 3394 466 3449 obrui
480 3396 629 3464 VTGEi,
649 3393 758 3449 obstrui
776 3411 853 3464 ceps
867 3396 875 3464 ll
889 3400 925 3447 20
943 3394 1063 3464 amplius
1077 3413 1090 3449 s
1106 3396 1111 3467 l

99 3467 138 3522 sit
155 3483 234 3536 ceps
247 3468 256 3536 ll
270 3472 302 3519 21
324 3483 471 3520 accensam
489 3468 538 3538 El
555 3465 675 3536 supponi
689 3484 712 3534 p
734 3467 743 3534 [Ι
770 3471 803 3518 23
823 3465 870 3519 uel
888 3465 986 3534 fugare
1005 3465 1111 3534 poteris

98 3538 229 3607 protinus
249 3537 295 3592 uel
312 3553 413 3592 necare
432 3537 463 3592 E

96 3183 209 3237 rododa
222 3182 254 3248 V,
273 3181 484 3251 rhododaphnis
503 3200 528 3251 a,
547 3181 764 3250 rhododaphncs
783 3199 837 3252 cys
850 3184 859 3251 ll
874 3186 908 3233 14
921 3179 952 3234 in
966 3182 1043 3236 exitu
1056 3183 1107 3378 Ἦ

1105 3368 1112 3393 l
