2556 3942
176 193 220 257 34
340 237 343 243 .
597 191 767 246 prunnon

212 443 272 509 DE
297 442 421 511 LOCIS
444 388 580 512 HORTl
603 443 661 510 ΕΤ
684 441 870 508 POMARII
892 443 951 510 ΕΤ
974 442 1157 512 SEPIBVS

531 549 588 616 ΕΤ
614 549 832 616 SERENDO.

123 693 287 759 XXXIIII
354 693 455 758 Horti
478 696 511 757 et
534 691 683 777 pomaria
705 693 815 756 domui
838 691 987 777 proxima
1008 717 1077 759 esse
1097 695 1188 762 debe

178 785 269 847 bunt.
309 782 427 847 hortus
456 781 500 846 sit
528 781 704 847 sterculino
728 781 866 846 maxime
890 783 1069 867 subiectus,
1098 785 1188 852 cuius

178 895 252 937 eum
276 893 372 936 sucus
396 875 513 956 sponte
536 870 696 952 fecundet,
720 872 761 934 ab
783 892 859 935 area
876 869 974 956 longe
993 873 1090 938 situs:
1112 895 1188 940 nam
1218 906 1231 946 5

177 962 347 1046 puluerem
364 961 531 1044 palearum
550 960 676 1044 patitur
694 958 870 1024 inimicum.
900 959 979 1024 felix
992 961 1115 1045 positio
1130 968 1188 1043 ert,

178 1050 229 1116 cui
262 1050 380 1114 leniter
412 1048 568 1114 inclinata
598 1045 755 1131 planicies
784 1069 897 1113 cursus
925 1071 1028 1133 aquae
1056 1051 1188 1117 fluentis

131 1141 153 1204 2
176 1161 235 1224 per
262 1137 370 1222 spatia
397 1138 538 1202 discreta
560 1138 695 1202 deriuat.
737 1135 765 1200 si
788 1136 861 1203 fons
885 1138 983 1216 desit,
1011 1144 1068 1203 sut
1090 1139 1191 1224 inpri-

177 1229 313 1292 mendus
338 1231 388 1290 est
411 1230 528 1311 puteus
553 1230 622 1311 aut,
643 1227 671 1291 si
693 1225 756 1290 hoc
774 1247 927 1311 nequeas,
948 1227 1073 1311 piscina
1093 1250 1190 1314 supe-

176 1317 244 1380 rius
269 1316 493 1398 construenda,
515 1319 553 1379 ut
575 1313 627 1379 illi
650 1336 749 1397 aquas
772 1313 884 1398 pluuia
908 1315 1094 1381 conferente
1113 1316 1188 1382 hor·
1206 1351 1234 1389 10

177 1411 231 1470 tus
250 1427 309 1490 per
327 1405 471 1469 aestiuos
491 1403 617 1488 rigetur
636 1404 775 1470 ardores.
807 1404 836 1468 si
850 1403 911 1468 hsc
927 1405 1016 1468 omni
1030 1405 1188 1472 facultate

176 1492 334 1577 carueris,
367 1515 495 1577 semper
526 1493 626 1557 altius
655 1491 760 1556 tribus
787 1493 841 1556 uel
869 1496 1025 1576 quattuor
1051 1495 1190 1578 pedibus

176 1584 216 1647 ad
240 1581 362 1668 pastini
386 1580 632 1646 similitudinem
655 1581 758 1646 fodies
781 1581 959 1660 hortulum,
981 1581 1037 1667 qui
1056 1583 1104 1648 sic
1124 1585 1191 1650 cul-

130 1673 151 1736 3
176 1676 230 1736 tus
253 1671 408 1756 neglegat
432 1671 604 1736 siccitates.
646 1670 702 1734 sed
726 1669 803 1735 huic
826 1669 974 1754 quamuis
999 1676 1113 1737 contra
1135 1695 1191 1738 nc-

176 1761 364 1826 cessitatem
395 1760 466 1824 iuta
497 1762 639 1824 stercore
676 1759 840 1842 quaelibet
878 1763 966 1823 terra,
1005 1762 1191 1848 conueniat,
1208 1793 1235 1833 ιε

175 1854 285 1914 temen
308 1848 388 1914 haec
416 1869 535 1934 genera
563 1852 640 1912 sunt
666 1847 702 1911 in
729 1847 885 1912 electione
912 1848 1061 1931 uitanda,
1089 1854 1214 1930 creta,

176 1960 274 2022 qnam
298 1937 449 2023 argillam
473 1935 623 2021 dicimus,
651 1940 749 2020 atque
773 1937 910 2002 rubrica.
952 1937 1034 2002 illud
1058 1960 1191 2024 quoque

176 2025 340 2093 custodies
363 2026 397 2091 in
419 2026 536 2109 hortis,
561 2047 643 2110 quos
666 2025 790 2091 umoris
813 2031 932 2090 natura
954 2048 1020 2090 non
1043 2027 1193 2112 adiuuat,

173 2121 213 2182 ut
240 2115 367 2181 diuidas
394 2119 505 2199 partes
533 2119 567 2178 et
594 2115 699 2179 hieme
727 2115 767 2178 ad
791 2113 971 2199 meridiem,
999 2119 1122 2182 aestate
1147 2118 1192 2182 ad

176 2205 443 2290 septemtrionem
467 2202 574 2288 spatia
598 2202 733 2268 colenda
756 2206 935 2268 conuertas.
1210 2237 1238 2274 20

127 2296 151 2359 4
241 2291 434 2358 Munitionis
449 2293 551 2357 multe
565 2295 641 2356 sunt
655 2313 783 2376 genera.
807 2291 862 2356 alii
877 2292 947 2356 luto
962 2290 1049 2357 inter
1061 2292 1190 2360 formas

175 2382 284 2448 clauso
303 2379 444 2465 parietes
462 2382 621 2466 figuratos
639 2381 841 2464 expertibus
855 2379 1036 2446 imitantur.
1068 2382 1195 2465 quibus

175 2470 335 2554 subpetit,
363 2471 521 2536 macerias
548 2470 619 2534 luto
649 2473 682 2534 et
710 2469 816 2553 lapide
844 2470 999 2534 excitant.
1039 2470 1195 2556 plerique

246 2632 259 2679 1
279 2625 412 2680 HORTIS
430 2626 455 2681 G
471 2629 475 2696 1
492 2626 609 2694 SEDIB3
626 2626 675 2696 Gli
689 2632 704 2678 2
720 2625 889 2679 conserendo
904 2628 968 2695 (pro
983 2625 1029 2678 ET
1045 2625 1133 2696 SER.)
1149 2629 1184 2682 Ε

173 2700 203 2751 et
222 2697 332 2751 serendi
350 2703 475 2767 tempore
494 2699 548 2752 tac
570 2699 578 2767 11
602 2703 618 2750 3
638 2697 742 2750 debent
760 2697 790 2750 E
811 2699 820 2766 11
842 2702 860 2750 4
878 2696 916 2750 sit
937 2698 1064 2752 omittrmt
1082 2674 1197 2756 codice}

172 2775 197 2824 et
210 2770 241 2850 a,
250 2771 278 2850 et
293 2771 347 2838 (est
360 2771 456 2840 supra)
470 2771 531 2851 bob.
546 2768 573 2822 L
589 2771 593 2839 1
610 2767 775 2849 sterquilino
790 2769 821 2837 V,
842 2766 1040 2836 sterquililinio
1056 2769 1092 2837 E,
1113 2773 1195 2824 ster-

173 2839 302 2966 {tillir
310 2841 436 2981 trel
449 2841 593 2983 {batte
607 2842 656 2981 11
667 2839 1002 2980 {elambit
1009 2839 1163 2966 lettre
1184 2845 1196 2987 1

173 2988 189 3035 8
208 2981 353 3037 deriuatur
372 2984 403 3050 V,
423 2981 529 3037 diriuet
549 2983 575 3036 G
597 2984 606 3051 11
630 2987 645 3035 9
664 2997 787 3050 nequeas
806 2982 860 3036 hoc
877 2983 952 3052 inps
973 2983 982 3050 11
1007 2987 1039 3034 10
1059 2984 1102 3035 est
1121 3000 1197 3038 con-

173 3053 307 3107 struenda
325 3055 353 3122 S,
373 3055 561 3108 construenda
580 3054 623 3106 est
641 3054 705 3122 tas,
726 3052 912 3106 construenda
931 3053 998 3123 [est]
1017 3069 1054 3123 cp
1078 3054 1082 3123 1
1105 3052 1198 3111 illinc

172 3140 249 3194 acps
265 3127 269 3193 1
286 3127 483 3180 consternante
497 3127 542 3194 pl!
558 3130 590 3179 14
609 3123 731 3195 negligit
749 3124 847 3247 1731115
866 3123 942 3177 iusta
958 3123 993 3192 L,
1012 3122 1074 3204 iuta
1093 3127 1137 3194 (ta
1155 3128 1198 3182 irc

171 3196 282 3264 romara)
302 3196 334 3264 V,
356 3195 442 3250 mista
464 3198 557 3267 iacps
571 3198 580 3266 11
595 3201 628 3249 16
652 3200 729 3249 creta
754 3194 791 3248 sc'
806 3194 863 3249 icet
880 3195 911 3248 Ε
922 3197 932 3264 11
946 3200 980 3248 17
999 3194 1102 3265 argrlla
1126 3197 1155 3250 L
1189 3201 1194 3272 1

173 3264 344 3320 rubricunda
362 3268 392 3320 E
404 3270 413 3337 11
428 3274 460 3320 19
481 3266 593 3320 diuidat
611 3267 641 3320 F
655 3268 659 3337 1
674 3283 725 3336 per
741 3268 837 3336 partes
855 3284 904 3335 as,
924 3267 996 3336 [par]
1015 3268 1110 3335 partes
1127 3285 1166 3339 op
1185 3272 1198 3344 11

174 3343 208 3391 20
227 3335 322 3406 spatis
340 3336 458 3391 colenda
476 3355 560 3406 ornp
586 3339 596 3406 11
623 3343 656 3390 21
675 3337 786 3390 Debent
809 3336 895 3390 etism
912 3335 987 3391 horti
1007 3353 1066 3390 esse
1086 3337 1197 3411 clausi,

174 3408 223 3462 sed
241 3407 405 3461 munitionis
424 3426 472 3476 as,
495 3407 608 3462 Debent
621 3439 656 3448 —-
671 3408 720 3462 sed
738 3409 801 3462 incl.
817 3425 852 3479 cy
881 3410 885 3479 1
917 3424 1021 3477 genere
1044 3411 1110 3463 sunt
1130 3411 1163 3464 E

174 3485 207 3532 22
228 3495 261 3532 ex
279 3477 414 3532 luteribus
431 3482 506 3550 tcya
521 3481 525 3546 1
541 3479 643 3546 quibus
659 3478 739 3549 copia
753 3479 879 3548 suppetit
891 3497 940 3548 as,
960 3479 1062 3546 quibus
1077 3481 1182 3551 [copia

174 3549 300 3619 suppetit
318 3552 424 3620 091123
443 3549 577 3603 maceries
595 3550 626 3602 Ε
640 3553 644 3620 1
661 3549 819 3603 excitantur
836 3552 865 3604 E
