2524 3946
423 242 542 299 AGRJO.
555 243 608 297 ΠΠ
621 249 723 298 10-11
1018 243 1081 309 139

79 391 108 452 et
129 387 302 474 grandibus
327 389 482 454 membris
506 393 539 454 et
563 389 659 454 solidi
682 389 838 474 corporis,
865 390 1020 455 musculis
1044 412 1082 455 aa

78 477 152 541 toris
170 478 291 562 ubique
311 479 529 564 surgentibus,
548 479 675 564 magnis
694 478 837 562 auribus,
856 477 942 543 latae
961 478 1081 544 frontis

78 569 107 629 ct
127 566 263 651 crispae,
289 566 391 631 labris
415 568 582 651 oculisque
605 567 827 653 nigrantibus,
855 568 1008 633 cornibus
1032 590 1082 633 rc-

76 655 174 720 bustis
209 677 247 720 ao
274 656 344 720 sine
372 659 565 720 curuaturae
592 656 758 740 prauitate
789 657 927 741 lunatis,
958 657 1080 740 patulis

51 745 200 809 suaribus
235 747 268 808 et
300 744 446 829 resimis,
481 745 605 809 ceruice
638 750 751 810 torosa
783 749 881 829 atque
914 751 1081 829 conpacta,

72 833 250 916 palearibus
278 833 380 918 largis
408 837 442 898 et
469 833 556 898 circa
587 854 694 918 genua
725 833 916 917 fluentibus,
948 839 1080 917 pectore

72 922 195 1006 grandi,
219 922 318 1002 armis
341 923 461 1007 uastis,
482 927 597 986 uentre
619 944 685 986 non
708 945 826 1007 paruo,
852 923 1012 1007 porrectis
1036 923 1079 987 la·-

71 1010 204 1095 teribus,
233 1009 311 1075 latis
334 1010 468 1090 lumbis,
497 1011 594 1076 dorso
616 1016 708 1076 recto
732 1015 765 1076 et
787 1012 901 1096 plano,
929 1011 1080 1077 eruribus

71 1098 191 1183 solidis,
216 1100 366 1164 neruosis
390 1103 423 1164 et
446 1100 616 1183 breuibus,
644 1100 775 1185 ungulis
799 1101 942 1185 magnis,
969 1101 1079 1166 caudis

37 1213 58 1252 a
71 1187 172 1273 longis
197 1210 236 1253 ac
259 1188 387 1273 setosis,
410 1189 478 1272 pilo
501 1189 605 1252 totius
629 1189 775 1272 corporis
799 1190 898 1254 denso
922 1211 960 1254 ac
979 1190 1080 1274 breui,

69 1276 156 1341 rubei
179 1278 320 1342 maxime
345 1276 463 1342 coloris
487 1281 544 1342 aut
566 1277 660 1343 fusci.
703 1278 819 1342 melius
843 1282 954 1343 autem
976 1278 1079 1343 boues
1103 1281 1125 1346 3

69 1365 103 1429 de
128 1366 247 1431 uicinis
274 1366 356 1431 locis
383 1366 584 1450 parabimus,
615 1365 672 1451 qui
699 1367 790 1431 nulla
818 1367 879 1432 soli
908 1371 966 1432 aut
993 1368 1078 1432 aeris

68 1456 223 1520 narietme
246 1459 457 1539 temptentur.
496 1459 553 1519 aut
577 1455 605 1519 si
628 1454 691 1520 hoc
710 1455 809 1540 deest,
833 1456 871 1520 de
890 1456 971 1521 locis
991 1457 1079 1520 simi-

68 1542 148 1608 libus
181 1542 225 1608 ad
257 1544 377 1608 similia
409 1543 654 1608 transferamus.
703 1544 785 1607 illud
818 1548 893 1609 ante
925 1545 1079 1610 uniuersa

35 1656 56 1696 rs
69 1634 243 1698 curandum
271 1638 336 1715 est,
363 1638 402 1697 ut
428 1633 554 1697 uiribus
578 1632 618 1696 ad
641 1631 836 1697 trahendum
860 1638 1079 1718 conparentur

68 1723 225 1805 aequales,
247 1743 287 1786 ne
311 1722 502 1786 ualentioris
526 1720 627 1786 robur
648 1721 744 1785 alteri
762 1726 914 1806 procuret
933 1723 1077 1788 exitium.

66 1808 97 1872 in
117 1810 266 1876 moribus
285 1810 366 1874 haee
384 1810 619 1875 consideranda
639 1813 724 1874 sunt.
762 1810 828 1875 sint
847 1811 966 1897 arguti,
989 1834 1079 1877 man·

67 1900 159 1978 sueti,
188 1899 343 1964 timentes
371 1899 545 1964 hortamen
573 1897 725 1964 clamoris
755 1920 793 1963 ac
821 1900 982 1985 uerberis,
1012 1901 1077 1966 cibi

67 1987 263 2072 adpetentes.
296 1988 351 2052 sed
371 1988 400 2052 si
419 1987 563 2072 regionis
582 1988 667 2052 ratio
682 1987 818 2072 patitur,
835 1989 946 2053 nullus
961 1990 1078 2054 melior

33 2076 152 2141 acibus
177 2080 229 2142 est
257 2099 355 2161 quam
383 2075 486 2140 uiride
514 2075 680 2160 pabulum.
726 2077 783 2141 ubi
806 2099 886 2141 uero
909 2078 1013 2158 deest,
1038 2100 1076 2143 eo

66 2165 173 2230 ordine
193 2165 408 2250 ministretur,
431 2187 496 2249 quo
515 2165 628 2250 pabuli
648 2165 742 2250 copia
761 2169 794 2229 et
812 2167 963 2230 laborum
979 2171 1076 2252 coget

66 2255 213 2319 accessio.
236 2276 322 2319 nunc
336 2257 449 2318 tauros
464 2276 603 2338 quoque,
623 2255 742 2338 quibus
758 2254 847 2318 cordi
862 2260 913 2319 est
927 2258 1076 2319 armenta
1098 2256 1120 2320 4
1148 2304 1151 2310 ·

66 2349 265 2428 construere,
290 2343 484 2427 conparabit
507 2346 564 2407 aut
587 2343 639 2407 bis
664 2341 767 2428 signis
791 2365 811 2406 a
832 2346 944 2407 tenera
968 2347 1075 2408 aetate
1132 2396 1135 2401 .

65 2432 264 2515 summittat,
295 2435 332 2496 ut
365 2432 431 2496 sint
465 2432 524 2496 alti
557 2436 656 2516 atque
688 2431 878 2517 ingentibus
911 2433 1076 2516 membris,

32 2520 179 2586 cumbatis
208 2520 332 2586 mediae
361 2524 394 2585 et
422 2520 542 2606 magis,
574 2542 656 2604 quae
683 2521 854 2586 iuuentute
881 2521 988 2586 minor
1017 2525 1075 2605 est,

66 2631 160 2690 quam
194 2632 276 2695 quae
305 2609 445 2675 declinat
473 2610 507 2674 in
535 2610 676 2693 senium,
708 2613 804 2674 torua
835 2610 932 2694 facie,
964 2611 1075 2695 paruis

66 2699 231 2784 cornibus,
257 2703 370 2764 torosa
397 2702 556 2782 uastaque
585 2699 722 2782 ceruice,
750 2700 858 2764 uentri
887 2699 1075 2765 substricta

65 2807 178 2852 uaccas
207 2786 306 2852 etiam
334 2809 420 2852 nunc
444 2787 582 2852 maxime
605 2788 806 2871 parabimus:
834 2789 891 2852 sed
914 2788 1072 2872 eligemus
1096 2788 1118 2854 5

133 2967 147 3014 1
166 2960 301 3014 masculis
322 2961 348 3016 G
366 2964 372 3043 Ι
394 2960 516 3016 auctoris
536 2961 599 3015 LE
606 2961 623 3030 ¹,
643 2961 766 3016 acthoris
787 2962 821 3031 G,
840 2962 903 3016 incl.
923 2978 944 3030 a,
965 2978 1049 3042 erup
1067 2961 1077 3034 ll

64 3035 78 3082 2
96 3031 158 3086 lata
174 3031 267 3086 fronte
287 3035 315 3086 et
334 3049 427 3102 crispa
441 3050 463 3101 p
477 3034 515 3103 113
535 3031 658 3101 scrispae
672 3033 727 3102 ΕΙ,
748 3033 860 3103 scrispis
875 3033 906 3086 E
912 3032 922 3062 ¹
938 3032 942 3102 Ι
959 3032 1076 3087 cormei-

64 3100 114 3156 bus
133 3103 160 3159 G
181 3105 191 3184 [l
213 3109 230 3157 4
249 3103 342 3158 lunati
361 3103 480 3173 spatulis
500 3103 594 3157 PLV
607 3107 611 3173 Ι
626 3103 733 3173 patulis
753 3103 867 3159 auribus
886 3105 916 3156 et
935 3103 1012 3158 simis
1027 3122 1049 3174 p
1066 3104 1077 3177 ll

63 3173 236 3244 bresupmis
255 3175 286 3229 Ε
310 3178 319 3245 ΙΙ
347 3174 573 3245 lporrectusG
599 3177 610 3244 ΙΙ
638 3181 669 3229 11
693 3175 773 3230 robei
791 3176 849 3229 PL
878 3177 882 3244 Ι
911 3177 1008 3230 tamen
1022 3192 1076 3245 pro

64 3248 157 3300 autem
184 3245 215 3299 Ε
244 3249 254 3316 ΙΙ
286 3252 319 3300 12
346 3245 509 3316 parauimus
537 3246 594 3300 PL
605 3246 640 3316 V,
673 3245 898 3317 comparabimus
932 3246 1040 3317 Gacps
1070 3247 1073 3320 l

64 3316 129 3370 solis
144 3317 174 3370 Ε
190 3319 199 3386 ΙΙ
219 3323 252 3370 13
276 3317 307 3371 εἰ,
322 3316 395 3371 hode
419 3319 463 3371 est
483 3317 630 3398 Qlalocis
656 3317 682 3372 G
704 3321 714 3388 ΙΙ
738 3325 771 3372 14
794 3316 994 3372 transferemus
1019 3318 1046 3373 G
1067 3318 1076 3389 ll

65 3394 96 3441 16
115 3387 286 3442 ualentiores
301 3389 335 3459 P,
350 3388 555 3444 ualentionbus
565 3388 626 3443 La
639 3391 648 3458 ΙΙ
664 3394 697 3442 18
712 3391 741 3443 et
754 3387 880 3443 uerberis
890 3390 916 3442 L
930 3392 939 3457 ΙΙ
953 3395 987 3442 23
1002 3405 1076 3443 com-

63 3459 205 3526 parabunt
223 3459 276 3530 ΕΙ
297 3462 325 3513 et
343 3460 387 3513 bis
407 3460 437 3513 Ε
457 3463 467 3530 l
490 3465 524 3514 24
544 3459 715 3513 submittunt
733 3460 764 3513 Ε
784 3463 793 3531 ll
816 3465 850 3513 25
870 3460 959 3514 aetati
977 3461 1026 3528 ΕΙ
1048 3462 1077 3513 et

64 3531 178 3656 111111Ῐὲ
198 3531 202 3603 Ι
227 3530 258 3584 in
276 3531 423 3585 iuuentute
442 3531 473 3585 E
492 3534 502 3601 ΙΙ
525 3536 559 3586 26
579 3530 702 3584 declinet
720 3532 795 3602 iacp
816 3534 826 3601 ll
849 3537 883 3584 28
902 3529 1077 3599 comparabi-

64 3618 125 3654 mus
