2524 3946
590 203 759 258 PALLADII

458 402 517 468 Du
542 402 658 469 0Lu0
682 401 893 468 LAVRINO.

115 525 247 592 XVIIII
313 527 396 592 Item
423 527 508 592 lauri
530 528 620 592 bacis
644 527 752 591 oleum
775 525 965 592 conficietur
987 527 1051 592 hoc
1074 529 1181 593 modo.

167 616 252 680 lauri
283 617 381 682 bacas
415 636 512 699 quam
542 616 699 700 plurimas
728 619 762 679 et
788 616 978 680 maturitate
1008 619 1181 703 turgentes

167 705 203 770 in
231 728 316 790 equa
344 703 448 770 calida
475 705 595 770 bullire
618 704 718 769 facies
742 708 788 788 et,
819 704 876 769 ubi
903 704 959 769 diu
988 705 1182 791 ferbuerint,

168 794 240 878 olei,
261 795 348 879 quod
362 816 402 858 ex
417 815 450 858 se
465 794 657 878 dimiserint,
672 793 913 877 supernatantis
928 793 1047 858 undam
1061 796 1181 879 pennis
1207 820 1218 860 5

167 883 285 949 leuiter
308 882 499 968 cogentibus
522 883 557 947 in
579 904 660 947 uasa
682 881 898 947 transfundes.

424 1113 484 1178 Du
509 1112 624 1179 OLIlO
648 1110 922 1178 LENTISCINO.

112 1238 175 1304 XX
241 1237 421 1303 Lentisciui
448 1238 548 1302 etiam
573 1238 636 1303 olei
660 1241 788 1303 matura
811 1237 972 1303 confectio
997 1241 1060 1322 est,
1088 1261 1173 1322 quae

164 1329 204 1393 fit
217 1328 337 1392 taliter.
365 1348 467 1413 grana
480 1331 609 1392 matura
623 1327 752 1391 lentisci
767 1349 865 1411 quam
879 1327 1020 1410 plurima
1035 1327 1174 1411 colliges

165 1420 199 1481 et
225 1438 291 1480 una
317 1417 368 1481 die
397 1438 434 1480 ao
461 1421 556 1481 nocte
581 1417 1216 1500 supraseaceruataessepatieris.1o

165 1505 279 1570 deinde
303 1509 448 1590 sportam
471 1505 582 1590 granis
603 1505 724 1570 eisdem
743 1505 873 1590 plenam
892 1504 1082 1588 cuicumque
1101 1528 1175 1570 uas·

165 1594 239 1660 culo
259 1615 455 1678 superpones
476 1598 508 1658 et
528 1594 631 1658 calida
650 1593 777 1658 adiecta
795 1593 935 1658 calcabis
955 1599 989 1658 et
1002 1594 1174 1678 exprimes.

165 1688 243 1749 tunc
265 1705 305 1748 ex
327 1705 364 1748 eo
387 1704 513 1765 umore,
537 1683 592 1766 qui
615 1682 798 1762 defluxerIt,
827 1686 1040 1766 supernatans
1064 1682 1176 1748 oleum

165 1772 374 1838 lentiscinum
389 1772 473 1836 sicut
486 1771 649 1836 laurinum
663 1771 844 1856 colligetur.
874 1775 1036 1836 memento
1052 1776 1175 1856 autem,

165 1884 206 1926 ne
230 1860 337 1947 rigore
359 1861 466 1946 possit
489 1860 657 1945 adstringi,
681 1881 799 1945 aquam
822 1859 960 1925 calidam
984 1883 1079 1945 saepe
1100 1862 1215 1926 sub-1⁵

167 1949 311 2017 fundere.

392 2090 452 2155 Du
477 2089 773 2156 GALLINARVM
797 2088 951 2155 PARTV.

112 2217 191 2284 XXI
259 2215 464 2282 Gallinarum
481 2217 594 2300 partus
610 2214 842 2281 fecunditatem
855 2215 975 2298 repetit
988 2213 1051 2278 hoc
1062 2235 1177 2280 mense

166 2309 242 2392 post
269 2306 449 2370 brumalem
478 2305 629 2389 quietem.
674 2309 707 2368 et
734 2304 894 2388 incipiunt
922 2303 963 2367 ad
990 2301 1175 2369 educandos

167 2395 274 2480 pullos
299 2416 361 2459 oua
384 2394 532 2478 subponi.
1197 2421 1221 2460 ac

392 2624 451 2689 DE
476 2621 721 2690 oAuDuNDI
744 2621 956 2688 ΜΑΤΕΕΙΕ.

114 2751 209 2818 XXII
276 2749 349 2816 Hoc
368 2750 467 2815 etiem
486 2771 594 2813 mense
614 2749 773 2813 caedenda
787 2746 939 2812 materies
954 2751 1004 2811 est
1020 2748 1060 2812 ad
1073 2746 1179 2812 fabri-

168 2865 249 2928 cam,
272 2863 345 2906 cum
367 2840 445 2903 luna
467 2837 633 2923 decrescit,
656 2842 690 2901 et
712 2836 837 2902 redicas
859 2837 913 2900 uel
935 2836 1003 2920 pali
1026 2835 1179 2901 faciendi.

242 2995 366 3050 llaurio
384 2996 463 3064 ΕΙΙ2
484 3011 517 3048 sx
535 2993 608 3048 lauri
623 2995 696 3063 pta,
716 3009 750 3046 ex
768 2994 900 3062 iactcps
920 2995 929 3062 ll
951 2998 969 3046 4
988 2992 1037 3045 diu
1057 2993 1157 3047 cm.E
1172 2993 1184 3065 ΙΙ

169 3067 298 3138 ὅρίηηίε
317 3066 417 3137 Pro,
445 3065 547 3135 pannis
572 3066 598 3120 G
624 3067 634 3135 ΙΙ
662 3071 676 3118 7
704 3065 752 3117 DE
782 3063 875 3118 ΟΙΕΟ
903 3080 952 3118 om.
977 3063 1003 3118 G
1030 3066 1039 3132 ΙΙ
1066 3069 1082 3116 8
1107 3063 1183 3118 Len-

169 3139 234 3194 tisci
255 3139 300 3209 61
317 3137 372 3192 olei
391 3137 477 3192 etiam
496 3137 527 3191 E
546 3139 556 3207 ΙΙ
579 3143 594 3189 2
615 3135 725 3206 colligis
744 3135 1037 3205 PQLVSETGFc'
1064 3137 1073 3204 ΙΙ
1097 3139 1132 3188 10
1154 3139 1184 3190 et

170 3210 200 3263 in
223 3226 280 3264 una
304 3210 343 3279 ρι’
368 3212 377 3278 ΙΙ
406 3215 438 3262 12
462 3207 626 3278 superponis
650 3208 706 3278 PQ
716 3206 901 3273 VSFGa'ac,
929 3222 1012 3275 super
1033 3205 1125 3276 pomis
1145 3209 1183 3275 L,

171 3279 305 3351 supponis
324 3281 372 3346 ΕΙ
389 3279 519 3349 exprimis
539 3277 828 3348 PLQVSETFG,
852 3276 1063 3347 et-exprimes
1086 3281 1157 3332 omi
1174 3279 1186 3350 ll

173 3359 205 3406 13
225 3350 294 3421 quid
309 3349 447 3404 effluxerit
460 3352 488 3404 P
499 3352 509 3420 ll
524 3354 557 3402 14
570 3348 697 3402 laureum
711 3347 854 3418 colligitur
866 3349 897 3402 E
909 3351 918 3417 ΙΙ
931 3353 965 3402 15
980 3348 1096 3402 fundere
1110 3349 1184 3418 LG,

172 3421 371 3493 superfundere
389 3423 432 3490 pl!
447 3427 479 3473 19
499 3423 528 3472 et
546 3436 595 3473 om.
611 3421 641 3473 E
653 3422 662 3489 ΙΙ
677 3427 708 3472 21
728 3419 776 3472 DE
796 3418 993 3473 CAEDENDA
1006 3419 1183 3476 MATERIE.

164 3490 400 3548 Hoc-faciendi
418 3508 467 3545 om.
482 3491 551 3560 ΕἾΙ
566 3495 599 3542 22
618 3489 799 3544 materialil
815 3493 818 3560 Ι
836 3489 982 3544 adfabrica
998 3491 1047 3563 Gli
1061 3497 1094 3544 23
1112 3489 1186 3545 ridi-

174 3581 222 3618 cae
241 3565 383 3629 editiones,
402 3561 511 3614 radices
533 3562 562 3630 T,
581 3560 676 3615 radice
695 3561 731 3630 F,
750 3560 861 3614 redicas
880 3560 926 3613 uel
944 3579 1028 3630 osup
