2518 3938
491 189 706 245 acaronita
1039 193 1104 257 241

88 335 210 401 caduca
240 340 273 400 et
302 335 520 401 uermiculosa
549 340 733 400 nascantur.
786 335 994 420 extirpandae
1028 343 1105 403 sunt

87 424 221 489 suboles
245 447 264 488 a
287 424 394 490 radice
418 425 562 508 exceptis
586 425 798 511 rectioribus,
821 447 901 509 quae
927 427 1103 492 seruaban-

86 518 143 577 tur
167 513 208 577 ad
231 513 371 598 plantas.
415 513 445 577 si
468 514 624 599 languide
646 514 743 598 pruni
766 514 864 579 arbor
888 520 946 599 est,
970 539 1103 583 amurca

86 624 163 666 cum
193 624 278 686 aqua
308 602 486 686 aequaliter
517 607 700 687 temperata
734 603 899 669 radicibus
930 606 1026 670 debet
1056 606 1102 671 in-

56 691 180 758 afundi
203 690 258 755 661
281 691 439 755 bubulum
462 691 580 755 lotium
604 692 709 757 solum
733 692 786 756 uel
809 691 987 758 humanum
1006 699 1102 759 uetus

85 803 162 844 cum
194 780 319 844 duabus
350 801 452 864 aquae
482 782 633 864 partibus
662 782 801 846 mixtum
828 782 882 845 uel
911 782 1034 848 cineres
1063 805 1101 847 ex

84 870 182 935 forno
208 873 265 934 aut
289 868 427 933 maxime
452 874 700 935 sarmentorum.
747 871 775 934 si
798 893 896 954 poma
919 871 1101 957 decurrant,
1114 873 1155 936 15

84 957 221 1024 oleastri
245 958 393 1042 epiurum
416 959 600 1022 terebratae
619 959 718 1044 infige
738 960 848 1024 radici.
885 981 1011 1026 uermes
1032 961 1100 1026 eius

84 1051 187 1131 atque
210 1047 372 1130 formicas,
396 1047 526 1111 rubrica
550 1069 623 1113 cum
641 1046 713 1132 pice
736 1047 860 1132 liquida
880 1047 910 1112 si
928 1050 1100 1134 adlinatur,

41 1163 66 1200 10
82 1137 271 1222 extinguet,
299 1137 355 1200 sed
383 1136 562 1201 modestius
589 1141 725 1221 propter
748 1137 874 1202 arboris
899 1161 1032 1222 noxam,
1059 1161 1100 1204 ne

81 1227 173 1289 idem
200 1225 302 1290 faciat
329 1226 522 1308 remedium,
550 1226 636 1310 quod
663 1248 833 1291 uenenum.
879 1227 1012 1291 iuuatur
1039 1227 1101 1292 fre
1141 1246 1145 1258 ·

81 1314 200 1399 quenti
222 1336 335 1378 umore
359 1318 393 1377 et
416 1314 550 1379 adsidua
573 1313 725 1380 fossione.
772 1338 882 1380 mense
906 1317 1024 1381 martio
1048 1338 1101 1381 ex-

81 1410 193 1467 tremo
228 1425 351 1488 prunus
389 1403 544 1467 inseritur
583 1403 699 1468 melius
737 1408 852 1469 trrmco
890 1405 967 1470 fisso
1001 1428 1099 1489 quam

80 1492 206 1557 cortice
234 1492 287 1557 uel
315 1515 425 1557 mense
452 1492 613 1577 ianuario,
642 1497 815 1576 antequam
844 1493 980 1578 incipiat
1009 1516 1099 1581 gum·

40 1608 64 1647 15
81 1582 172 1646 mine
195 1580 375 1647 lacrimare.
421 1581 577 1646 inseritur
605 1583 639 1644 in
667 1603 702 1646 se
730 1587 764 1646 et
790 1583 954 1666 persicum
982 1584 1099 1669 recipit

79 1671 137 1735 661
156 1671 366 1756 amygdalum
385 1670 437 1735 uel
456 1672 588 1748 malum,
612 1672 668 1734 sed
692 1693 764 1735 eam
783 1672 974 1757 degenerem
993 1673 1100 1737 reddit

79 1765 115 1824 et
140 1781 286 1844 paruam.
332 1782 437 1843 pruna
460 1760 624 1825 siccantur
646 1761 681 1824 in
705 1762 773 1825 sole
801 1783 859 1844 per
887 1765 993 1826 crates
1023 1762 1096 1826 loco

79 1849 219 1914 sicciore
243 1847 412 1932 disposita.
449 1848 528 1913 haec
553 1853 638 1932 sunt,
663 1870 745 1932 quac
770 1850 962 1914 damascena
986 1849 1095 1914 dicun-
1108 1850 1149 1914 16

78 1941 146 2002 tur.
180 1936 237 2001 alii
254 1937 288 2001 in
308 1959 393 2021 aqua
411 1937 538 2002 marina
559 1939 613 2001 uel
636 1937 671 2002 in
694 1938 800 2002 muria
818 1938 966 2003 feruente
985 1961 1096 2005 recens

38 2053 63 2091 so
77 2028 169 2091 lecta
191 2048 296 2111 pruna
319 2027 513 2112 demergunt
540 2031 573 2091 et
600 2027 673 2090 inde
701 2026 832 2090 sublata
860 2031 918 2090 aut
945 2028 979 2091 in
1002 2028 1097 2093 forno

78 2114 194 2200 tepido
218 2115 342 2179 faoirmt
366 2117 480 2180 autin
505 2116 572 2180 sole
597 2115 721 2180 siccari.

151 2203 310 2270 Castanea
339 2205 458 2269 seritur
486 2209 519 2268 et
547 2204 681 2288 plantio,
710 2227 792 2288 quae
822 2207 938 2288 sponte
961 2225 1096 2269 nascun-
1109 2206 1149 2270 17

77 2298 150 2376 tur,
179 2297 212 2356 et
240 2293 371 2357 semine.
417 2293 473 2358 sed
501 2315 584 2377 quae
611 2292 732 2376 plantis
762 2293 890 2376 seritur,
922 2293 970 2357 ita
999 2315 1097 2379 aegra

77 2387 142 2466 est,
166 2386 203 2445 ut
225 2382 356 2446 biennio
381 2382 419 2446 de
444 2377 512 2447 eius
537 2383 607 2445 uita
631 2404 726 2466 saepe
747 2382 924 2447 dubitetur.
962 2384 1097 2448 serenda

38 2498 62 2537 aa
77 2475 134 2536 est
152 2491 231 2556 ergo
254 2471 336 2554 ipsis
356 2471 526 2555 castaneis,
549 2471 612 2536 hoc
630 2475 680 2534 est
698 2471 876 2535 seminibus
897 2471 965 2536 suis
985 2494 1096 2537 mense

76 2559 253 2625 nouembri
274 2563 308 2623 et
325 2560 497 2644 decembri,
519 2559 600 2623 item
618 2559 792 2624 februario.
830 2560 997 2646 eligendae
1018 2566 1097 2626 sunt

153 2775 169 2822 2
189 2769 298 2823 soboles
317 2769 348 2822 E
360 2772 398 2839 113
419 2770 502 2823 arbor
519 2769 603 2850 pruni
617 2769 668 2839 1111
683 2775 698 2823 5
718 2773 824 2823 stercus
843 2770 982 2824 bubulum
996 2789 1018 2839 p
1034 2773 1038 2840 1
1055 2770 1095 2824 16-

77 2845 141 2896 tum
163 2841 201 2908 G,
220 2840 354 2894 lociuma'
381 2842 390 2909 11
418 2841 580 2909 tpart1bus
600 2857 691 2910 aquae
710 2841 765 2895 SE
786 2843 795 2910 11
820 2848 834 2895 7
858 2841 939 2895 furno
964 2841 1097 2895 WTE

76 2915 175 3036 ipcqp
188 2912 389 3036 6161εὲ6ρὶ66
406 2914 409 2980 1
421 2914 477 2992 ¹aut
486 2929 538 3036 opp3
541 2929 563 3037 ἕ
567 2915 660 3036 &3³qu
672 2928 745 2965 max.
760 2913 848 3037 bubp
856 2915 865 2982 11
879 2911 1052 3036 meast-{²}
1059 2915 1093 3038 p,

77 2999 202 3108 dubuesureri
219 2999 256 3125 aa,
272 2985 353 3124 infigi
372 2999 973 3124 dp!llllniidliniaturi’Eellpylliuiircipiiaiiltrud11²
994 3029 1094 3124 1366]ἰ
1170 3122 1173 3129 Ι

76 3143 142 3180 mae
162 3125 203 3194 81,
223 3141 334 3195 gumme
353 3126 395 3196 E,
414 3143 518 3195 gumen
537 3126 659 3196 Ptacps
679 3127 688 3194 11
713 3131 743 3178 15
762 3123 877 3178 lacrima
895 3124 926 3177 Ε
940 3125 944 3195 1
960 3124 1094 3181 inseritur

77 3200 176 3251 autem
198 3198 223 3250 Τ
236 3199 242 3278 1
256 3196 286 3250 in
303 3196 412 3267 persico
431 3199 460 3250 et
479 3196 629 3266 amygdalo
652 3199 681 3250 et
703 3195 778 3249 malo
794 3213 815 3264 p
835 3197 844 3264 11
867 3201 899 3248 16
919 3196 1094 3267 amigdalum

82 3269 137 3323 Vs
149 3271 158 3338 11
174 3273 206 3322 18
222 3267 331 3322 srcciori
345 3269 376 3321 Ε
390 3271 394 3336 1
411 3267 563 3338 dispositas
579 3269 612 3336 G,
633 3265 761 3337 deposita
774 3268 785 3320 a'
799 3269 808 3336 11
823 3272 856 3320 19
871 3268 903 3321 ut
913 3285 966 3336 pro
980 3269 1027 3322 uel
1042 3270 1073 3322 F
1086 3269 1089 3340 1

75 3339 108 3392 in
122 3339 215 3393 muria
228 3341 326 3406 666111
346 3339 399 3411 [in]
413 3339 504 3393 muria
517 3341 578 3394 hab.
589 3357 603 3394 6
607 3357 650 3410 pa,
670 3355 745 3406 aqua
754 3355 807 3406 pro
821 3337 913 3392 muria
919 3357 941 3408 p
952 3339 955 3412 1
968 3339 1092 3393 recentia

76 3412 116 3479 E,
130 3414 257 3465 recenter
270 3430 289 3465 u
302 3414 311 3481 11
325 3417 359 3464 20
373 3411 448 3465 lecta
462 3428 512 3466 om.
527 3412 558 3465 E
570 3414 579 3481 11
594 3417 625 3465 21
644 3412 694 3463 aut
708 3408 765 3462 sole
780 3409 806 3461 L
823 3410 827 3480 1
844 3408 949 3464 siccare
968 3410 1074 3464 V¹S¹E

77 3488 114 3534 22
134 3482 175 3536 De
194 3481 333 3536 Castanea
352 3485 585 3552 (castaneariis.
605 3484 660 3536 icc
688 3481 692 3550 1
722 3483 875 3534 nascantur
897 3481 938 3548 F,
965 3481 1065 3534 66611

77 3559 113 3606 26
134 3569 199 3623 ergo
219 3572 268 3608 om.
291 3555 316 3609 G
333 3555 336 3626 1
353 3553 493 3608 castaneis
512 3554 569 3607 suis
584 3572 606 3622 p
622 3555 625 3622 1
641 3567 736 3604 mense
754 3568 805 3606 om.
821 3570 843 3620 p

133 3654 273 3694 Pannonius
288 3654 323 3694 ad.
338 3653 466 3694 Schmitt.
898 3644 931 3693 16
