<?xml version="1.0" encoding="UTF-8"?>
<!DOCTYPE html PUBLIC "-//W3C//DTD XHTML 1.0 Transitional//EN"
    "http://www.w3.org/TR/xhtml1/DTD/xhtml1-transitional.dtd">
<html xmlns="http://www.w3.org/1999/xhtml" xml:lang="en" lang="en">
 <head>
  <title>
</title>
<meta http-equiv="Content-Type" content="text/html;charset=utf-8" />
  <meta name='ocr-system' content='tesseract 3.04.00' />
  <meta name='ocr-capabilities' content='ocr_page ocr_carea ocr_par ocr_line ocrx_word'/>
</head>
<body>
  <div class='ocr_page' id='page_1' title='image "./palladiirutilii01pallgoog_0167.png"; bbox 0 0 2538 3942; ppageno 0'>
   <div class='ocr_carea' id='block_1_1' title="bbox 177 222 768 290">
    <p class='ocr_par' dir='ltr' id='par_1_1' title="bbox 177 222 768 290">
     <span class='ocr_line' id='line_1_1' title="bbox 177 222 768 290; baseline 0 -15"><span class='ocrx_word' id='word_1_1' title='bbox 177 227 242 290; x_wconf 74' lang='lat'><strong>146</strong></span> <span class='ocrx_word' id='word_1_2' title='bbox 598 222 768 275; x_wconf 72' lang='lat' dir='ltr'><strong>mmm</strong></span> 
     </span>
    </p>
   </div>
   <div class='ocr_carea' id='block_1_2' title="bbox 129 369 1218 898">
    <p class='ocr_par' dir='ltr' id='par_1_2' title="bbox 174 369 1186 448">
     <span class='ocr_line' id='line_1_2' title="bbox 174 369 1186 448; baseline 0.001 -14"><span class='ocrx_word' id='word_1_3' title='bbox 174 371 236 434; x_wconf 73' lang='lat' dir='ltr'><strong>bib</strong></span> <span class='ocrx_word' id='word_1_4' title='bbox 281 371 392 434; x_wconf 88' lang='lat' dir='ltr'><strong>minor</strong></span> <span class='ocrx_word' id='word_1_5' title='bbox 412 371 528 448; x_wconf 80' lang='lat' dir='ltr'><strong>trimo,</strong></span> <span class='ocrx_word' id='word_1_6' title='bbox 553 371 659 432; x_wconf 73' lang='lat' dir='ltr'><strong>unior</strong></span> <span class='ocrx_word' id='word_1_7' title='bbox 682 369 817 432; x_wconf 71' lang='lat' dir='ltr'><strong>decem</strong></span> <span class='ocrx_word' id='word_1_8' title='bbox 837 391 906 432; x_wconf 89' lang='lat' dir='ltr'><strong>non</strong></span> <span class='ocrx_word' id='word_1_9' title='bbox 926 369 1024 433; x_wconf 89' lang='lat' dir='ltr'><strong>debet</strong></span> <span class='ocrx_word' id='word_1_10' title='bbox 1046 370 1186 435; x_wconf 82' lang='lat' dir='ltr'><strong>admitti</strong></span> 
     </span>
    </p>

    <p class='ocr_par' dir='ltr' id='par_1_3' title="bbox 129 457 1218 898">
     <span class='ocr_line' id='line_1_3' title="bbox 129 457 1186 542; baseline 0.001 -19"><span class='ocrx_word' id='word_1_11' title='bbox 129 458 329 524; x_wconf 66' lang='lat' dir='ltr'><strong>tenuicula</strong></span> <span class='ocrx_word' id='word_1_12' title='bbox 356 458 447 522; x_wconf 77' lang='lat' dir='ltr'><strong>mula</strong></span> <span class='ocrx_word' id='word_1_13' title='bbox 472 459 570 522; x_wconf 90' lang='lat' dir='ltr'><strong>debet</strong></span> <span class='ocrx_word' id='word_1_14' title='bbox 596 480 617 520; x_wconf 79' lang='lat' dir='ltr'><strong>a</strong></span> <span class='ocrx_word' id='word_1_15' title='bbox 642 462 748 520; x_wconf 72' lang='lat' dir='ltr'><strong>nntre</strong></span> <span class='ocrx_word' id='word_1_16' title='bbox 774 457 891 540; x_wconf 78' lang='lat' dir='ltr'>depelli</span> <span class='ocrx_word' id='word_1_17' title='bbox 916 463 951 521; x_wconf 88' lang='lat' dir='ltr'><strong>et</strong></span> <span class='ocrx_word' id='word_1_18' title='bbox 977 481 1036 542; x_wconf 86' lang='lat' dir='ltr'><strong>per</strong></span> <span class='ocrx_word' id='word_1_19' title='bbox 1056 464 1186 524; x_wconf 86' lang='lat' dir='ltr'><strong>montes</strong></span> 
     </span>
     <span class='ocr_line' id='line_1_4' title="bbox 175 547 1186 631; baseline 0.001 -20"><span class='ocrx_word' id='word_1_20' title='bbox 175 569 312 631; x_wconf 82' lang='lat' dir='ltr'><strong>asperos</strong></span> <span class='ocrx_word' id='word_1_21' title='bbox 339 549 444 630; x_wconf 78' lang='lat' dir='ltr'><strong>pasti,</strong></span> <span class='ocrx_word' id='word_1_22' title='bbox 474 553 514 610; x_wconf 83' lang='lat' dir='ltr'><strong>ut</strong></span> <span class='ocrx_word' id='word_1_23' title='bbox 539 547 668 609; x_wconf 78' lang='lat' dir='ltr'><strong>itineris</strong></span> <span class='ocrx_word' id='word_1_24' title='bbox 695 547 841 610; x_wconf 76' lang='lat' dir='ltr'><strong>laborem</strong></span> <span class='ocrx_word' id='word_1_25' title='bbox 866 547 902 609; x_wconf 92' lang='lat' dir='ltr'><strong>in</strong></span> <span class='ocrx_word' id='word_1_26' title='bbox 932 551 1045 611; x_wconf 84' lang='lat' dir='ltr'><strong>tenera</strong></span> <span class='ocrx_word' id='word_1_27' title='bbox 1077 553 1186 612; x_wconf 87' lang='lat' dir='ltr'><strong>aetate</strong></span> 
     </span>
     <span class='ocr_line' id='line_1_5' title="bbox 175 635 1186 722; baseline 0.001 -21"><span class='ocrx_word' id='word_1_28' title='bbox 175 637 318 702; x_wconf 75' lang='lat' dir='ltr'><strong>solidata</strong></span> <span class='ocrx_word' id='word_1_29' title='bbox 335 641 556 719; x_wconf 78' lang='lat' dir='ltr'><strong>eonteth</strong></span> <span class='ocrx_word' id='word_1_30' title='bbox 589 635 697 698; x_wconf 90' lang='lat' dir='ltr'><strong>minor</strong></span> <span class='ocrx_word' id='word_1_31' title='bbox 713 657 793 698; x_wconf 86' lang='lat' dir='ltr'><strong>nero</strong></span> <span class='ocrx_word' id='word_1_32' title='bbox 810 635 932 698; x_wconf 81' lang='lat' dir='ltr'><strong>asellus</strong></span> <span class='ocrx_word' id='word_1_33' title='bbox 948 637 1090 700; x_wconf 82' lang='lat' dir='ltr'><strong>maxime</strong></span> <span class='ocrx_word' id='word_1_34' title='bbox 1104 659 1186 722; x_wconf 84' lang='lat' dir='ltr'><strong>agro</strong></span> 
     </span>
     <span class='ocr_line' id='line_1_6' title="bbox 173 723 1218 811; baseline -0.003 -21"><span class='ocrx_word' id='word_1_35' title='bbox 173 727 378 790; x_wconf 73' lang='lat' dir='ltr'><strong>neeoesarins</strong></span> <span class='ocrx_word' id='word_1_36' title='bbox 406 731 471 808; x_wconf 88' lang='lat' dir='ltr'><strong>est,</strong></span> <span class='ocrx_word' id='word_1_37' title='bbox 497 726 554 808; x_wconf 86' lang='lat' dir='ltr'><strong>qni</strong></span> <span class='ocrx_word' id='word_1_38' title='bbox 580 730 615 787; x_wconf 88' lang='lat' dir='ltr'><strong>et</strong></span> <span class='ocrx_word' id='word_1_39' title='bbox 640 723 787 788; x_wconf 75' lang='lat' dir='ltr'><strong>laborem</strong></span> <span class='ocrx_word' id='word_1_40' title='bbox 812 724 935 788; x_wconf 82' lang='lat' dir='ltr'><strong>tolerat</strong></span> <span class='ocrx_word' id='word_1_41' title='bbox 956 729 991 788; x_wconf 87' lang='lat' dir='ltr'><strong>et</strong></span> <span class='ocrx_word' id='word_1_42' title='bbox 1012 725 1218 811; x_wconf 79' lang='lat' dir='ltr'><strong>neglegam-⁵</strong></span> 
     </span>
     <span class='ocr_line' id='line_1_7' title="bbox 174 811 916 898; baseline -0.004 -19"><span class='ocrx_word' id='word_1_43' title='bbox 174 816 257 879; x_wconf 80' lang='lat' dir='ltr'><strong>tiam</strong></span> <span class='ocrx_word' id='word_1_44' title='bbox 279 815 516 898; x_wconf 78' lang='lat' dir='ltr'><strong>propemodum</strong></span> <span class='ocrx_word' id='word_1_45' title='bbox 537 835 604 877; x_wconf 88' lang='lat' dir='ltr'><strong>non</strong></span> <span class='ocrx_word' id='word_1_46' title='bbox 626 819 764 877; x_wconf 79' lang='lat' dir='ltr'><strong>recusat</strong></span> <span class='ocrx_word' id='word_1_47' title='bbox 902 811 916 826; x_wconf 87' lang='grc'><strong>“</strong></span> 
     </span>
    </p>
   </div>
   <div class='ocr_carea' id='block_1_3' title="bbox 551 1042 804 1108">
    <p class='ocr_par' dir='ltr' id='par_1_4' title="bbox 551 1042 804 1108">
     <span class='ocr_line' id='line_1_8' title="bbox 551 1042 804 1108; baseline 0.004 -2"><span class='ocrx_word' id='word_1_48' title='bbox 551 1042 612 1107; x_wconf 83' lang='grc' dir='ltr'><strong>ΒΕ</strong></span> <span class='ocrx_word' id='word_1_49' title='bbox 633 1042 804 1108; x_wconf 80' lang='lat' dir='ltr'>APIBVS.</span> 
     </span>
    </p>
   </div>
   <div class='ocr_carea' id='block_1_4' title="bbox 121 1167 1221 2582">
    <p class='ocr_par' dir='ltr' id='par_1_5' title="bbox 121 1167 1219 2051">
     <span class='ocr_line' id='line_1_9' title="bbox 121 1167 1184 1251; baseline -0.001 -16"><span class='ocrx_word' id='word_1_50' title='bbox 121 1167 185 1235; x_wconf 83' lang='lat' dir='ltr'><strong>XV</strong></span> <span class='ocrx_word' id='word_1_51' title='bbox 255 1167 328 1234; x_wconf 89' lang='lat' dir='ltr'><strong>Hoe</strong></span> <span class='ocrx_word' id='word_1_52' title='bbox 356 1189 466 1232; x_wconf 88' lang='lat' dir='ltr'><strong>mense</strong></span> <span class='ocrx_word' id='word_1_53' title='bbox 494 1169 634 1232; x_wconf 85' lang='lat' dir='ltr'><strong>maxime</strong></span> <span class='ocrx_word' id='word_1_54' title='bbox 659 1167 776 1251; x_wconf 89' lang='lat' dir='ltr'><strong>apibus</strong></span> <span class='ocrx_word' id='word_1_55' title='bbox 797 1168 883 1232; x_wconf 88' lang='lat' dir='ltr'><strong>solet</strong></span> <span class='ocrx_word' id='word_1_56' title='bbox 905 1167 1038 1232; x_wconf 82' lang='lat' dir='ltr'>morbus</span> <span class='ocrx_word' id='word_1_57' title='bbox 1061 1168 1184 1234; x_wconf 87' lang='lat' dir='ltr'><strong>inenm-</strong></span> 
     </span>
     <span class='ocr_line' id='line_1_10' title="bbox 173 1257 1186 1342; baseline 0 -20"><span class='ocrx_word' id='word_1_58' title='bbox 173 1257 260 1323; x_wconf 87' lang='lat' dir='ltr'><strong>bere.</strong></span> <span class='ocrx_word' id='word_1_59' title='bbox 304 1279 382 1321; x_wconf 87' lang='lat' dir='ltr'><strong>nam</strong></span> <span class='ocrx_word' id='word_1_60' title='bbox 411 1263 487 1342; x_wconf 88' lang='lat' dir='ltr'><strong>post</strong></span> <span class='ocrx_word' id='word_1_61' title='bbox 513 1257 650 1320; x_wconf 86' lang='lat' dir='ltr'><strong>hiberna</strong></span> <span class='ocrx_word' id='word_1_62' title='bbox 677 1257 797 1320; x_wconf 89' lang='lat' dir='ltr'><strong>ieiunia</strong></span> <span class='ocrx_word' id='word_1_63' title='bbox 826 1257 1006 1340; x_wconf 74' lang='lat' dir='ltr'><strong>tithymalli</strong></span> <span class='ocrx_word' id='word_1_64' title='bbox 1038 1260 1073 1320; x_wconf 89' lang='lat' dir='ltr'><strong>et</strong></span> <span class='ocrx_word' id='word_1_65' title='bbox 1103 1258 1186 1322; x_wconf 90' lang='lat' dir='ltr'><strong>ulmi</strong></span> 
     </span>
     <span class='ocr_line' id='line_1_11' title="bbox 174 1345 1218 1430; baseline -0.003 -20"><span class='ocrx_word' id='word_1_66' title='bbox 174 1347 295 1411; x_wconf 85' lang='lat' dir='ltr'><strong>amaris</strong></span> <span class='ocrx_word' id='word_1_67' title='bbox 317 1345 464 1430; x_wconf 88' lang='lat' dir='ltr'><strong>floribus,</strong></span> <span class='ocrx_word' id='word_1_68' title='bbox 487 1346 544 1429; x_wconf 91' lang='lat' dir='ltr'><strong>qni</strong></span> <span class='ocrx_word' id='word_1_69' title='bbox 563 1347 655 1429; x_wconf 88' lang='lat' dir='ltr'><strong>prins</strong></span> <span class='ocrx_word' id='word_1_70' title='bbox 672 1350 859 1428; x_wconf 86' lang='lat' dir='ltr'><strong>naseuntur,</strong></span> <span class='ocrx_word' id='word_1_71' title='bbox 881 1345 1007 1408; x_wconf 89' lang='lat' dir='ltr'><strong>auidius</strong></span> <span class='ocrx_word' id='word_1_72' title='bbox 1026 1346 1184 1429; x_wconf 76' lang='lat' dir='ltr'><strong>adpetitis</strong></span> <span class='ocrx_word' id='word_1_73' title='bbox 1197 1369 1218 1408; x_wconf 83' lang='lat' dir='ltr'><strong>n</strong></span> 
     </span>
     <span class='ocr_line' id='line_1_12' title="bbox 174 1433 1184 1516; baseline 0.001 -17"><span class='ocrx_word' id='word_1_74' title='bbox 174 1433 373 1500; x_wconf 83' lang='lat' dir='ltr'><strong>solutionem</strong></span> <span class='ocrx_word' id='word_1_75' title='bbox 397 1436 522 1499; x_wconf 59' lang='lat' dir='ltr'><strong>neumis</strong></span> <span class='ocrx_word' id='word_1_76' title='bbox 544 1435 716 1498; x_wconf 85' lang='lat' dir='ltr'><strong>incurrunt</strong></span> <span class='ocrx_word' id='word_1_77' title='bbox 737 1439 771 1497; x_wconf 90' lang='lat' dir='ltr'><strong>et</strong></span> <span class='ocrx_word' id='word_1_78' title='bbox 790 1439 935 1516; x_wconf 75' lang='lat' dir='ltr'><strong>pereunt,</strong></span> <span class='ocrx_word' id='word_1_79' title='bbox 955 1434 1021 1497; x_wconf 91' lang='lat' dir='ltr'><strong>nisi</strong></span> <span class='ocrx_word' id='word_1_80' title='bbox 1040 1434 1184 1500; x_wconf 87' lang='lat' dir='ltr'><strong>adfueris</strong></span> 
     </span>
     <span class='ocr_line' id='line_1_13' title="bbox 174 1522 1185 1607; baseline 0.002 -21"><span class='ocrx_word' id='word_1_81' title='bbox 174 1523 350 1587; x_wconf 81' lang='lat' dir='ltr'><strong>uelocitate</strong></span> <span class='ocrx_word' id='word_1_82' title='bbox 372 1524 514 1588; x_wconf 79' lang='lat' dir='ltr'><strong>remedii</strong></span> <span class='ocrx_word' id='word_1_83' title='bbox 560 1522 730 1607; x_wconf 76' lang='lat' dir='ltr'><strong>praebebis</strong></span> <span class='ocrx_word' id='word_1_84' title='bbox 747 1543 832 1606; x_wconf 80' lang='lat' dir='ltr'><strong>ergo</strong></span> <span class='ocrx_word' id='word_1_85' title='bbox 854 1523 933 1586; x_wconf 87' lang='lat' dir='ltr'><strong>mali</strong></span> <span class='ocrx_word' id='word_1_86' title='bbox 954 1524 1087 1607; x_wconf 82' lang='lat' dir='ltr'><strong>grauati</strong></span> <span class='ocrx_word' id='word_1_87' title='bbox 1112 1545 1185 1588; x_wconf 85' lang='lat' dir='ltr'><strong>eum</strong></span> 
     </span>
     <span class='ocr_line' id='line_1_14' title="bbox 173 1611 1184 1697; baseline 0.001 -22"><span class='ocrx_word' id='word_1_88' title='bbox 173 1611 252 1676; x_wconf 88' lang='lat' dir='ltr'><strong>nino</strong></span> <span class='ocrx_word' id='word_1_89' title='bbox 276 1613 404 1676; x_wconf 86' lang='lat' dir='ltr'><strong>amineo</strong></span> <span class='ocrx_word' id='word_1_90' title='bbox 428 1634 531 1697; x_wconf 80' lang='lat' dir='ltr'><strong>grana</strong></span> <span class='ocrx_word' id='word_1_91' title='bbox 552 1612 695 1676; x_wconf 84' lang='lat' dir='ltr'><strong>contrita</strong></span> <span class='ocrx_word' id='word_1_92' title='bbox 712 1611 765 1674; x_wconf 90' lang='lat' dir='ltr'><strong>nel</strong></span> <span class='ocrx_word' id='word_1_93' title='bbox 783 1633 866 1674; x_wconf 86' lang='lat' dir='ltr'><strong>unae</strong></span> <span class='ocrx_word' id='word_1_94' title='bbox 883 1633 997 1695; x_wconf 86' lang='lat' dir='ltr'><strong>passae</strong></span> <span class='ocrx_word' id='word_1_95' title='bbox 1016 1634 1092 1676; x_wconf 86' lang='lat' dir='ltr'><strong>oum</strong></span> <span class='ocrx_word' id='word_1_96' title='bbox 1112 1634 1184 1676; x_wconf 91' lang='lat' dir='ltr'><strong>rore</strong></span> 
     </span>
     <span class='ocr_line' id='line_1_15' title="bbox 174 1699 1186 1786; baseline 0 -21"><span class='ocrx_word' id='word_1_97' title='bbox 174 1701 302 1786; x_wconf 79' lang='lat' dir='ltr'><strong>syriaco</strong></span> <span class='ocrx_word' id='word_1_98' title='bbox 330 1707 364 1765; x_wconf 91' lang='lat' dir='ltr'><strong>et</strong></span> <span class='ocrx_word' id='word_1_99' title='bbox 391 1707 523 1764; x_wconf 81' lang='lat' dir='ltr'><strong>austero</strong></span> <span class='ocrx_word' id='word_1_100' title='bbox 549 1701 628 1764; x_wconf 88' lang='lat' dir='ltr'><strong>nino</strong></span> <span class='ocrx_word' id='word_1_101' title='bbox 653 1699 706 1763; x_wconf 90' lang='lat' dir='ltr'><strong>nel</strong></span> <span class='ocrx_word' id='word_1_102' title='bbox 729 1700 826 1763; x_wconf 90' lang='lat' dir='ltr'><strong>simul</strong></span> <span class='ocrx_word' id='word_1_103' title='bbox 849 1700 958 1764; x_wconf 88' lang='lat' dir='ltr'><strong>omnia</strong></span> <span class='ocrx_word' id='word_1_104' title='bbox 979 1700 1129 1785; x_wconf 79' lang='lat' dir='ltr'><strong>lenigata</strong></span> <span class='ocrx_word' id='word_1_105' title='bbox 1152 1705 1186 1765; x_wconf 91' lang='lat' dir='ltr'><strong>et</strong></span> 
     </span>
     <span class='ocr_line' id='line_1_16' title="bbox 173 1787 1219 1874; baseline -0.002 -21"><span class='ocrx_word' id='word_1_106' title='bbox 173 1789 303 1854; x_wconf 85' lang='lat' dir='ltr'><strong>ineoeta</strong></span> <span class='ocrx_word' id='word_1_107' title='bbox 325 1787 403 1854; x_wconf 89' lang='lat' dir='ltr'><strong>uino</strong></span> <span class='ocrx_word' id='word_1_108' title='bbox 426 1811 556 1874; x_wconf 87' lang='lat' dir='ltr'><strong>aspero:</strong></span> <span class='ocrx_word' id='word_1_109' title='bbox 580 1811 663 1872; x_wconf 89' lang='lat' dir='ltr'><strong>quae</strong></span> <span class='ocrx_word' id='word_1_110' title='bbox 686 1789 799 1852; x_wconf 87' lang='lat' dir='ltr'><strong>deinde</strong></span> <span class='ocrx_word' id='word_1_111' title='bbox 822 1789 856 1853; x_wconf 90' lang='lat' dir='ltr'><strong>in</strong></span> <span class='ocrx_word' id='word_1_112' title='bbox 878 1789 995 1872; x_wconf 82' lang='lat' dir='ltr'><strong>ligneis</strong></span> <span class='ocrx_word' id='word_1_113' title='bbox 1014 1789 1183 1854; x_wconf 84' lang='lat' dir='ltr'><strong>canalibus</strong></span> <span class='ocrx_word' id='word_1_114' title='bbox 1197 1811 1219 1851; x_wconf 81' lang='lat' dir='ltr'><strong>n</strong></span> 
     </span>
     <span class='ocr_line' id='line_1_17' title="bbox 173 1877 1185 1962; baseline 0 -21"><span class='ocrx_word' id='word_1_115' title='bbox 173 1877 368 1962; x_wconf 76' lang='lat' dir='ltr'><strong>refrigerata</strong></span> <span class='ocrx_word' id='word_1_116' title='bbox 385 1883 558 1961; x_wconf 87' lang='lat' dir='ltr'><strong>ponantur.</strong></span> <span class='ocrx_word' id='word_1_117' title='bbox 590 1878 667 1941; x_wconf 87' lang='lat' dir='ltr'><strong>item</strong></span> <span class='ocrx_word' id='word_1_118' title='bbox 688 1877 887 1941; x_wconf 87' lang='lat' dir='ltr'><strong>rosmarinns</strong></span> <span class='ocrx_word' id='word_1_119' title='bbox 907 1898 991 1960; x_wconf 87' lang='lat' dir='ltr'><strong>aqna</strong></span> <span class='ocrx_word' id='word_1_120' title='bbox 1009 1878 1117 1941; x_wconf 89' lang='lat' dir='ltr'><strong>mulsa</strong></span> <span class='ocrx_word' id='word_1_121' title='bbox 1131 1878 1185 1941; x_wconf 89' lang='lat' dir='ltr'><strong>de·</strong></span> 
     </span>
     <span class='ocr_line' id='line_1_18' title="bbox 173 1965 1185 2051; baseline -0.002 -19"><span class='ocrx_word' id='word_1_122' title='bbox 173 1973 285 2032; x_wconf 79' lang='lat' dir='ltr'><strong>coetus</strong></span> <span class='ocrx_word' id='word_1_123' title='bbox 308 1967 501 2051; x_wconf 78' lang='lat' dir='ltr'><strong>congelatur</strong></span> <span class='ocrx_word' id='word_1_124' title='bbox 522 1973 557 2031; x_wconf 91' lang='lat' dir='ltr'><strong>et</strong></span> <span class='ocrx_word' id='word_1_125' title='bbox 579 1965 613 2029; x_wconf 89' lang='lat' dir='ltr'><strong>in</strong></span> <span class='ocrx_word' id='word_1_126' title='bbox 637 1966 772 2030; x_wconf 78' lang='lat' dir='ltr'><strong>imbrice</strong></span> <span class='ocrx_word' id='word_1_127' title='bbox 794 1967 929 2049; x_wconf 87' lang='lat' dir='ltr'><strong>ponitur</strong></span> <span class='ocrx_word' id='word_1_128' title='bbox 950 1987 1046 2030; x_wconf 87' lang='lat' dir='ltr'><strong>sucus</strong></span> <span class='ocrx_word' id='word_1_129' title='bbox 1071 1966 1185 2030; x_wconf 90' lang='lat' dir='ltr'><strong>huius-</strong></span> 
     </span>
    </p>

    <p class='ocr_par' dir='ltr' id='par_1_6' title="bbox 129 2053 1221 2582">
     <span class='ocr_line' id='line_1_19' title="bbox 129 2053 1185 2138; baseline -0.001 -20"><span class='ocrx_word' id='word_1_130' title='bbox 129 2055 150 2118; x_wconf 79' lang='grc'><em>2</em></span> <span class='ocrx_word' id='word_1_131' title='bbox 173 2055 271 2120; x_wconf 71' lang='lat' dir='ltr'><strong>modi,</strong></span> <span class='ocrx_word' id='word_1_132' title='bbox 303 2056 390 2138; x_wconf 87' lang='lat' dir='ltr'><strong>qnod</strong></span> <span class='ocrx_word' id='word_1_133' title='bbox 409 2055 438 2118; x_wconf 88' lang='lat' dir='ltr'><strong>si</strong></span> <span class='ocrx_word' id='word_1_134' title='bbox 456 2055 607 2119; x_wconf 84' lang='lat' dir='ltr'><strong>horridae</strong></span> <span class='ocrx_word' id='word_1_135' title='bbox 625 2053 777 2118; x_wconf 89' lang='lat' dir='ltr'><strong>uidentur</strong></span> <span class='ocrx_word' id='word_1_136' title='bbox 795 2060 893 2138; x_wconf 89' lang='lat' dir='ltr'><strong>atque</strong></span> <span class='ocrx_word' id='word_1_137' title='bbox 911 2057 1098 2118; x_wconf 78' lang='lat' dir='ltr'><strong>contractae</strong></span> <span class='ocrx_word' id='word_1_138' title='bbox 1118 2058 1185 2118; x_wconf 88' lang='lat' dir='ltr'><strong>tor-</strong></span> 
     </span>
     <span class='ocr_line' id='line_1_20' title="bbox 171 2143 1184 2228; baseline 0 -20"><span class='ocrx_word' id='word_1_139' title='bbox 171 2165 248 2228; x_wconf 88' lang='lat' dir='ltr'><strong>pere</strong></span> <span class='ocrx_word' id='word_1_140' title='bbox 272 2143 404 2208; x_wconf 88' lang='lat' dir='ltr'><strong>silentio</strong></span> <span class='ocrx_word' id='word_1_141' title='bbox 427 2149 461 2207; x_wconf 90' lang='lat' dir='ltr'><strong>et</strong></span> <span class='ocrx_word' id='word_1_142' title='bbox 480 2149 684 2208; x_wconf 89' lang='lat' dir='ltr'><strong>mortuarum</strong></span> <span class='ocrx_word' id='word_1_143' title='bbox 702 2165 839 2226; x_wconf 87' lang='lat' dir='ltr'><strong>corpora</strong></span> <span class='ocrx_word' id='word_1_144' title='bbox 856 2143 1041 2225; x_wconf 81' lang='lat' dir='ltr'><strong>frequenter</strong></span> <span class='ocrx_word' id='word_1_145' title='bbox 1060 2143 1184 2227; x_wconf 87' lang='lat' dir='ltr'><strong>efferre,</strong></span> 
     </span>
     <span class='ocr_line' id='line_1_21' title="bbox 172 2231 1221 2317; baseline -0.003 -20"><span class='ocrx_word' id='word_1_146' title='bbox 172 2232 340 2297; x_wconf 78' lang='lat' dir='ltr'><strong>canalibus</strong></span> <span class='ocrx_word' id='word_1_147' title='bbox 365 2254 404 2296; x_wconf 88' lang='lat' dir='ltr'><strong>ex</strong></span> <span class='ocrx_word' id='word_1_148' title='bbox 428 2254 531 2297; x_wconf 84' lang='lat' dir='ltr'><strong>canna</strong></span> <span class='ocrx_word' id='word_1_149' title='bbox 552 2231 650 2296; x_wconf 82' lang='lat' dir='ltr'><strong>laetis</strong></span> <span class='ocrx_word' id='word_1_150' title='bbox 673 2233 737 2294; x_wconf 90' lang='lat' dir='ltr'><strong>mel</strong></span> <span class='ocrx_word' id='word_1_151' title='bbox 758 2254 832 2296; x_wconf 87' lang='lat' dir='ltr'><strong>enm</strong></span> <span class='ocrx_word' id='word_1_152' title='bbox 851 2231 956 2317; x_wconf 87' lang='lat' dir='ltr'><strong>gallae</strong></span> <span class='ocrx_word' id='word_1_153' title='bbox 974 2231 1109 2314; x_wconf 90' lang='lat' dir='ltr'><strong>pulnere</strong></span> <span class='ocrx_word' id='word_1_154' title='bbox 1128 2233 1183 2296; x_wconf 89' lang='lat' dir='ltr'><strong>uel</strong></span> <span class='ocrx_word' id='word_1_155' title='bbox 1197 2257 1221 2294; x_wconf 79' lang='lat' dir='ltr'><strong>so</strong></span> 
     </span>
     <span class='ocr_line' id='line_1_22' title="bbox 172 2319 1183 2386; baseline 0.001 -2"><span class='ocrx_word' id='word_1_156' title='bbox 172 2319 277 2385; x_wconf 86' lang='lat' dir='ltr'><strong>sieoae</strong></span> <span class='ocrx_word' id='word_1_157' title='bbox 309 2342 403 2385; x_wconf 86' lang='lat' dir='ltr'><strong>rosae</strong></span> <span class='ocrx_word' id='word_1_158' title='bbox 435 2327 563 2386; x_wconf 78' lang='lat' dir='ltr'><strong>nostum</strong></span> <span class='ocrx_word' id='word_1_159' title='bbox 596 2320 729 2384; x_wconf 83' lang='lat' dir='ltr'><strong>debebis</strong></span> <span class='ocrx_word' id='word_1_160' title='bbox 760 2321 937 2384; x_wconf 81' lang='lat' dir='ltr'><strong>infundere.</strong></span> <span class='ocrx_word' id='word_1_161' title='bbox 990 2320 1072 2384; x_wconf 89' lang='lat' dir='ltr'><strong>illud</strong></span> <span class='ocrx_word' id='word_1_162' title='bbox 1105 2325 1183 2385; x_wconf 88' lang='lat' dir='ltr'><strong>ante</strong></span> 
     </span>
     <span class='ocr_line' id='line_1_23' title="bbox 173 2408 1182 2493; baseline 0.002 -21"><span class='ocrx_word' id='word_1_163' title='bbox 173 2408 282 2472; x_wconf 85' lang='lat' dir='ltr'><strong>omnia</strong></span> <span class='ocrx_word' id='word_1_164' title='bbox 306 2409 462 2492; x_wconf 81' lang='lat' dir='ltr'><strong>expediet,</strong></span> <span class='ocrx_word' id='word_1_165' title='bbox 485 2414 523 2473; x_wconf 91' lang='lat' dir='ltr'><strong>ut</strong></span> <span class='ocrx_word' id='word_1_166' title='bbox 545 2413 657 2493; x_wconf 90' lang='lat' dir='ltr'><strong>putres</strong></span> <span class='ocrx_word' id='word_1_167' title='bbox 679 2413 790 2492; x_wconf 87' lang='lat' dir='ltr'><strong>partes</strong></span> <span class='ocrx_word' id='word_1_168' title='bbox 813 2409 964 2473; x_wconf 90' lang='lat' dir='ltr'><strong>fanornm</strong></span> <span class='ocrx_word' id='word_1_169' title='bbox 985 2409 1038 2472; x_wconf 89' lang='lat' dir='ltr'><strong>nel</strong></span> <span class='ocrx_word' id='word_1_170' title='bbox 1060 2430 1182 2474; x_wconf 81' lang='lat' dir='ltr'><strong>uacuas</strong></span> 
     </span>
     <span class='ocr_line' id='line_1_24' title="bbox 173 2498 1183 2582; baseline 0.001 -21"><span class='ocrx_word' id='word_1_171' title='bbox 173 2517 277 2578; x_wconf 84' lang='lat' dir='ltr'><strong>esras,</strong></span> <span class='ocrx_word' id='word_1_172' title='bbox 310 2517 390 2580; x_wconf 88' lang='lat' dir='ltr'><strong>quas</strong></span> <span class='ocrx_word' id='word_1_173' title='bbox 423 2498 534 2582; x_wconf 89' lang='lat' dir='ltr'><strong>aliquo</strong></span> <span class='ocrx_word' id='word_1_174' title='bbox 563 2519 640 2563; x_wconf 83' lang='lat' dir='ltr'><strong>casu</strong></span> <span class='ocrx_word' id='word_1_175' title='bbox 668 2520 802 2562; x_wconf 85' lang='lat' dir='ltr'><strong>examen</strong></span> <span class='ocrx_word' id='word_1_176' title='bbox 830 2498 871 2562; x_wconf 95' lang='lat' dir='ltr'><strong>ad</strong></span> <span class='ocrx_word' id='word_1_177' title='bbox 902 2498 1101 2580; x_wconf 82' lang='lat' dir='ltr'><strong>paucitatem</strong></span> <span class='ocrx_word' id='word_1_178' title='bbox 1133 2520 1183 2562; x_wconf 76' lang='lat' dir='ltr'><strong>re·</strong></span> 
     </span>
    </p>
   </div>
   <div class='ocr_carea' id='block_1_5' title="bbox 126 2583 1222 2936">
    <p class='ocr_par' dir='ltr' id='par_1_7' title="bbox 172 2583 1183 2670">
     <span class='ocr_line' id='line_1_25' title="bbox 172 2583 1183 2670; baseline 0.002 -22"><span class='ocrx_word' id='word_1_179' title='bbox 172 2583 303 2648; x_wconf 86' lang='lat' dir='ltr'><strong>daetum</strong></span> <span class='ocrx_word' id='word_1_180' title='bbox 330 2605 397 2648; x_wconf 88' lang='lat' dir='ltr'><strong>non</strong></span> <span class='ocrx_word' id='word_1_181' title='bbox 423 2587 549 2651; x_wconf 86' lang='lat' dir='ltr'><strong>ualebit</strong></span> <span class='ocrx_word' id='word_1_182' title='bbox 570 2587 707 2669; x_wconf 87' lang='lat' dir='ltr'><strong>inplere,</strong></span> <span class='ocrx_word' id='word_1_183' title='bbox 735 2608 861 2670; x_wconf 88' lang='lat' dir='ltr'><strong>semper</strong></span> <span class='ocrx_word' id='word_1_184' title='bbox 886 2586 1009 2650; x_wconf 81' lang='lat' dir='ltr'><strong>recidas</strong></span> <span class='ocrx_word' id='word_1_185' title='bbox 1031 2587 1183 2650; x_wconf 82' lang='lat' dir='ltr'><strong>acutissi-</strong></span> 
     </span>
    </p>

    <p class='ocr_par' dir='ltr' id='par_1_8' title="bbox 172 2671 1222 2758">
     <span class='ocr_line' id='line_1_26' title="bbox 172 2671 1222 2758; baseline 0.002 -22"><span class='ocrx_word' id='word_1_186' title='bbox 172 2671 234 2736; x_wconf 92' lang='lat' dir='ltr'><strong>mis</strong></span> <span class='ocrx_word' id='word_1_187' title='bbox 258 2671 464 2738; x_wconf 77' lang='lat' dir='ltr'><strong>ferramentis</strong></span> <span class='ocrx_word' id='word_1_188' title='bbox 488 2675 661 2757; x_wconf 85' lang='lat' dir='ltr'><strong>subtiliter,</strong></span> <span class='ocrx_word' id='word_1_189' title='bbox 683 2697 723 2740; x_wconf 89' lang='lat' dir='ltr'><strong>ne</strong></span> <span class='ocrx_word' id='word_1_190' title='bbox 742 2681 833 2739; x_wconf 90' lang='lat' dir='ltr'><strong>mota</strong></span> <span class='ocrx_word' id='word_1_191' title='bbox 852 2675 916 2739; x_wconf 89' lang='lat' dir='ltr'><strong>alia</strong></span> <span class='ocrx_word' id='word_1_192' title='bbox 934 2697 1009 2758; x_wconf 88' lang='lat' dir='ltr'><strong>pars</strong></span> <span class='ocrx_word' id='word_1_193' title='bbox 1028 2674 1181 2739; x_wconf 86' lang='lat' dir='ltr'><strong>fanorum</strong></span> <span class='ocrx_word' id='word_1_194' title='bbox 1197 2701 1222 2739; x_wconf 76' lang='lat' dir='ltr'><strong>ss</strong></span> 
     </span>
    </p>

    <p class='ocr_par' dir='ltr' id='par_1_9' title="bbox 126 2763 1181 2936">
     <span class='ocr_line' id='line_1_27' title="bbox 172 2763 1180 2848; baseline 0.001 -22"><span class='ocrx_word' id='word_1_195' title='bbox 172 2763 270 2846; x_wconf 77' lang='lat' dir='ltr'><strong>cogat</strong></span> <span class='ocrx_word' id='word_1_196' title='bbox 299 2781 375 2844; x_wconf 86' lang='lat' dir='ltr'><strong>apes</strong></span> <span class='ocrx_word' id='word_1_197' title='bbox 404 2763 568 2828; x_wconf 85' lang='lat' dir='ltr'><strong>domicilia</strong></span> <span class='ocrx_word' id='word_1_198' title='bbox 596 2785 751 2828; x_wconf 81' lang='lat' dir='ltr'><strong>concussa</strong></span> <span class='ocrx_word' id='word_1_199' title='bbox 783 2763 937 2828; x_wconf 88' lang='lat' dir='ltr'><strong>deserere.</strong></span> <span class='ocrx_word' id='word_1_200' title='bbox 982 2767 1078 2828; x_wconf 80' lang='lat' dir='ltr'><strong>nocet</strong></span> <span class='ocrx_word' id='word_1_201' title='bbox 1112 2765 1180 2848; x_wconf 87' lang='lat' dir='ltr'><strong>api-</strong></span> 
     </span>
     <span class='ocr_line' id='line_1_28' title="bbox 126 2847 1181 2936; baseline 0.005 -24"><span class='ocrx_word' id='word_1_202' title='bbox 126 2847 146 2912; x_wconf 83' lang='lat'>3</span> <span class='ocrx_word' id='word_1_203' title='bbox 169 2849 231 2916; x_wconf 88' lang='lat' dir='ltr'><strong>bus</strong></span> <span class='ocrx_word' id='word_1_204' title='bbox 263 2849 453 2936; x_wconf 88' lang='lat' dir='ltr'><strong>plerumque</strong></span> <span class='ocrx_word' id='word_1_205' title='bbox 475 2853 615 2917; x_wconf 82' lang='lat' dir='ltr'><strong>felicitas</strong></span> <span class='ocrx_word' id='word_1_206' title='bbox 644 2875 708 2916; x_wconf 87' lang='lat' dir='ltr'><strong>sua.</strong></span> <span class='ocrx_word' id='word_1_207' title='bbox 755 2876 830 2916; x_wconf 91' lang='lat' dir='ltr'><strong>nam</strong></span> <span class='ocrx_word' id='word_1_208' title='bbox 859 2853 887 2916; x_wconf 90' lang='lat' dir='ltr'><strong>si</strong></span> <span class='ocrx_word' id='word_1_209' title='bbox 909 2852 1019 2916; x_wconf 85' lang='lat' dir='ltr'><strong>nimiis</strong></span> <span class='ocrx_word' id='word_1_210' title='bbox 1042 2853 1181 2917; x_wconf 90' lang='lat' dir='ltr'><strong>floribus</strong></span> 
     </span>
    </p>
   </div>
   <div class='ocr_carea' id='block_1_6' title="bbox 167 3075 1196 3580">
    <p class='ocr_par' dir='ltr' id='par_1_10' title="bbox 167 3075 1196 3580">
     <span class='ocr_line' id='line_1_29' title="bbox 241 3075 1181 3150; baseline 0.006 -21"><span class='ocrx_word' id='word_1_211' title='bbox 241 3075 520 3131; x_wconf 81' lang='lat' dir='ltr'><strong>lodmitti—-debet</strong></span> <span class='ocrx_word' id='word_1_212' title='bbox 542 3095 591 3134; x_wconf 87' lang='lat' dir='ltr'><strong>om.</strong></span> <span class='ocrx_word' id='word_1_213' title='bbox 611 3079 641 3132; x_wconf 85' lang='lat' dir='ltr'><em>E</em></span> <span class='ocrx_word' id='word_1_214' title='bbox 666 3081 675 3150; x_wconf 93' lang='grc'><strong>11</strong></span> <span class='ocrx_word' id='word_1_215' title='bbox 703 3078 829 3133; x_wconf 89' lang='lat' dir='ltr'><strong>4Minor</strong></span> <span class='ocrx_word' id='word_1_216' title='bbox 851 3082 946 3133; x_wconf 87' lang='lat' dir='ltr'><strong>tamen</strong></span> <span class='ocrx_word' id='word_1_217' title='bbox 964 3080 996 3132; x_wconf 91' lang='grc' dir='ltr'><em>Ε</em></span> <span class='ocrx_word' id='word_1_218' title='bbox 1023 3079 1027 3148; x_wconf 95' lang='grc'>1</span> <span class='ocrx_word' id='word_1_219' title='bbox 1056 3080 1181 3135; x_wconf 84' lang='lat' dir='ltr'><strong>maxime</strong></span> 
     </span>
     <span class='ocr_line' id='line_1_30' title="bbox 168 3146 1180 3220; baseline 0.008 -22"><span class='ocrx_word' id='word_1_220' title='bbox 168 3159 235 3198; x_wconf 90' lang='lat' dir='ltr'><strong>uero</strong></span> <span class='ocrx_word' id='word_1_221' title='bbox 254 3146 280 3200; x_wconf 91' lang='lat' dir='ltr'><em>V</em></span> <span class='ocrx_word' id='word_1_222' title='bbox 302 3149 305 3217; x_wconf 95' lang='grc'>1</span> <span class='ocrx_word' id='word_1_223' title='bbox 332 3151 425 3202; x_wconf 86' lang='lat' dir='ltr'><strong>aratro</strong></span> <span class='ocrx_word' id='word_1_224' title='bbox 440 3165 492 3217; x_wconf 76' lang='lat' dir='ltr'><strong>pro</strong></span> <span class='ocrx_word' id='word_1_225' title='bbox 512 3165 580 3219; x_wconf 82' lang='lat' dir='ltr'><strong>agro</strong></span> <span class='ocrx_word' id='word_1_226' title='bbox 601 3150 626 3204; x_wconf 81' lang='lat' dir='ltr'><strong>G·</strong></span> <span class='ocrx_word' id='word_1_227' title='bbox 649 3152 657 3220; x_wconf 93' lang='grc'><strong>11</strong></span> <span class='ocrx_word' id='word_1_228' title='bbox 683 3150 768 3219; x_wconf 80' lang='lat' dir='ltr'><strong>bqui</strong></span> <span class='ocrx_word' id='word_1_229' title='bbox 786 3152 867 3205; x_wconf 75' lang='lat' dir='ltr'><strong>omi</strong></span> <span class='ocrx_word' id='word_1_230' title='bbox 891 3153 895 3220; x_wconf 92' lang='grc'>1</span> <span class='ocrx_word' id='word_1_231' title='bbox 921 3153 949 3204; x_wconf 87' lang='lat' dir='ltr'><strong>et</strong></span> <span class='ocrx_word' id='word_1_232' title='bbox 970 3149 1099 3205; x_wconf 87' lang='lat' dir='ltr'><strong>laborem</strong></span> <span class='ocrx_word' id='word_1_233' title='bbox 1121 3169 1180 3206; x_wconf 90' lang='lat' dir='ltr'><strong>non</strong></span> 
     </span>
     <span class='ocr_line' id='line_1_31' title="bbox 167 3217 1180 3294; baseline 0.009 -26"><span class='ocrx_word' id='word_1_234' title='bbox 167 3219 279 3269; x_wconf 83' lang='lat' dir='ltr'><strong>reeusat</strong></span> <span class='ocrx_word' id='word_1_235' title='bbox 297 3220 326 3270; x_wconf 90' lang='lat' dir='ltr'><strong>et</strong></span> <span class='ocrx_word' id='word_1_236' title='bbox 343 3217 547 3288; x_wconf 81' lang='lat' dir='ltr'><strong>negligentiam</strong></span> <span class='ocrx_word' id='word_1_237' title='bbox 565 3220 669 3274; x_wconf 86' lang='lat' dir='ltr'><strong>tolerat</strong></span> <span class='ocrx_word' id='word_1_238' title='bbox 682 3239 723 3290; x_wconf 78' lang='lat' dir='ltr'><strong>ps</strong></span> <span class='ocrx_word' id='word_1_239' title='bbox 739 3222 742 3294; x_wconf 90' lang='grc'>1</span> <span class='ocrx_word' id='word_1_240' title='bbox 763 3220 938 3291; x_wconf 86' lang='lat' dir='ltr'><strong>negligentia</strong></span> <span class='ocrx_word' id='word_1_241' title='bbox 957 3221 987 3274; x_wconf 83' lang='lat' dir='ltr'><strong><em>E</em></strong></span> <span class='ocrx_word' id='word_1_242' title='bbox 1008 3224 1016 3291; x_wconf 95' lang='grc'><strong>11</strong></span> <span class='ocrx_word' id='word_1_243' title='bbox 1041 3227 1072 3274; x_wconf 90' lang='grc'><strong>10</strong></span> <span class='ocrx_word' id='word_1_244' title='bbox 1094 3239 1180 3292; x_wconf 87' lang='lat' dir='ltr'><strong>appe-</strong></span> 
     </span>
     <span class='ocr_line' id='line_1_32' title="bbox 167 3287 1196 3366; baseline 0.007 -26"><span class='ocrx_word' id='word_1_245' title='bbox 167 3287 259 3340; x_wconf 87' lang='lat' dir='ltr'><strong>tentes</strong></span> <span class='ocrx_word' id='word_1_246' title='bbox 274 3287 412 3343; x_wconf 83' lang='lat' dir='ltr'><strong>solutione</strong></span> <span class='ocrx_word' id='word_1_247' title='bbox 423 3307 445 3358; x_wconf 82' lang='lat' dir='ltr'><strong>p</strong></span> <span class='ocrx_word' id='word_1_248' title='bbox 459 3290 467 3359; x_wconf 92' lang='grc'><strong>11</strong></span> <span class='ocrx_word' id='word_1_249' title='bbox 483 3296 514 3342; x_wconf 90' lang='grc'><strong>11</strong></span> <span class='ocrx_word' id='word_1_250' title='bbox 530 3289 672 3344; x_wconf 89' lang='lat' dir='ltr'><strong>intereunt</strong></span> <span class='ocrx_word' id='word_1_251' title='bbox 681 3309 704 3360; x_wconf 82' lang='lat' dir='ltr'><strong>p</strong></span> <span class='ocrx_word' id='word_1_252' title='bbox 717 3294 726 3360; x_wconf 90' lang='grc'><strong>11</strong></span> <span class='ocrx_word' id='word_1_253' title='bbox 742 3298 774 3345; x_wconf 81' lang='lat'><strong>12</strong></span> <span class='ocrx_word' id='word_1_254' title='bbox 789 3290 919 3361; x_wconf 84' lang='lat' dir='ltr'><strong>implebis</strong></span> <span class='ocrx_word' id='word_1_255' title='bbox 930 3292 956 3346; x_wconf 73' lang='lat' dir='ltr'><em>G</em></span> <span class='ocrx_word' id='word_1_256' title='bbox 969 3294 978 3360; x_wconf 92' lang='grc'><strong>11</strong></span> <span class='ocrx_word' id='word_1_257' title='bbox 994 3298 1026 3346; x_wconf 86' lang='grc'>13</span> <span class='ocrx_word' id='word_1_258' title='bbox 1041 3291 1111 3346; x_wconf 87' lang='lat' dir='ltr'><strong>trita</strong></span> <span class='ocrx_word' id='word_1_259' title='bbox 1126 3295 1159 3347; x_wconf 84' lang='lat' dir='ltr'><em>E</em></span> <span class='ocrx_word' id='word_1_260' title='bbox 1174 3295 1177 3366; x_wconf 97' lang='grc'>1</span> <span class='ocrx_word' id='word_1_261' title='bbox 1192 3301 1196 3308; x_wconf 91' lang='grc'><strong>“</strong></span> 
     </span>
     <span class='ocr_line' id='line_1_33' title="bbox 167 3357 1180 3432; baseline 0.009 -23"><span class='ocrx_word' id='word_1_262' title='bbox 167 3371 247 3410; x_wconf 84' lang='lat' dir='ltr'><strong>rosae</strong></span> <span class='ocrx_word' id='word_1_263' title='bbox 270 3357 296 3409; x_wconf 80' lang='lat' dir='ltr'><strong><em>L</em></strong></span> <span class='ocrx_word' id='word_1_264' title='bbox 323 3359 332 3425; x_wconf 94' lang='grc'><strong>11</strong></span> <span class='ocrx_word' id='word_1_265' title='bbox 362 3364 394 3411; x_wconf 82' lang='grc'>14</span> <span class='ocrx_word' id='word_1_266' title='bbox 423 3359 527 3413; x_wconf 84' lang='lat' dir='ltr'><strong>austeri</strong></span> <span class='ocrx_word' id='word_1_267' title='bbox 551 3361 732 3429; x_wconf 77' lang='lat' dir='ltr'><strong><em>PLQVSF</em></strong></span> <span class='ocrx_word' id='word_1_268' title='bbox 752 3366 761 3431; x_wconf 91' lang='grc'><strong>11</strong></span> <span class='ocrx_word' id='word_1_269' title='bbox 784 3368 817 3416; x_wconf 80' lang='lat'><strong>15</strong></span> <span class='ocrx_word' id='word_1_270' title='bbox 845 3362 967 3416; x_wconf 86' lang='lat' dir='ltr'><strong>uasoulis</strong></span> <span class='ocrx_word' id='word_1_271' title='bbox 991 3380 1045 3432; x_wconf 73' lang='lat' dir='ltr'><strong>pro</strong></span> <span class='ocrx_word' id='word_1_272' title='bbox 1071 3365 1180 3418; x_wconf 86' lang='lat' dir='ltr'><strong>canali-</strong></span> 
     </span>
     <span class='ocr_line' id='line_1_34' title="bbox 167 3425 1177 3508; baseline 0.01 -29"><span class='ocrx_word' id='word_1_273' title='bbox 167 3425 219 3479; x_wconf 84' lang='lat' dir='ltr'><strong>bus</strong></span> <span class='ocrx_word' id='word_1_274' title='bbox 230 3441 252 3494; x_wconf 80' lang='lat' dir='ltr'><strong>p</strong></span> <span class='ocrx_word' id='word_1_275' title='bbox 265 3429 274 3495; x_wconf 92' lang='grc'><strong>11</strong></span> <span class='ocrx_word' id='word_1_276' title='bbox 290 3431 322 3480; x_wconf 85' lang='grc'>16</span> <span class='ocrx_word' id='word_1_277' title='bbox 336 3427 529 3498; x_wconf 81' lang='lat' dir='ltr'><strong>refrigeranda</strong></span> <span class='ocrx_word' id='word_1_278' title='bbox 538 3430 568 3482; x_wconf 83' lang='lat' dir='ltr'><strong><em>E</em></strong></span> <span class='ocrx_word' id='word_1_279' title='bbox 580 3432 589 3498; x_wconf 91' lang='grc'><strong>11</strong></span> <span class='ocrx_word' id='word_1_280' title='bbox 605 3436 636 3484; x_wconf 79' lang='grc'>17</span> <span class='ocrx_word' id='word_1_281' title='bbox 653 3432 816 3502; x_wconf 84' lang='lat' dir='ltr'><strong>congelatus</strong></span> <span class='ocrx_word' id='word_1_282' title='bbox 826 3434 856 3486; x_wconf 83' lang='lat' dir='ltr'><strong><em>E</em></strong></span> <span class='ocrx_word' id='word_1_283' title='bbox 868 3435 877 3503; x_wconf 92' lang='grc'><strong>11</strong></span> <span class='ocrx_word' id='word_1_284' title='bbox 893 3440 925 3487; x_wconf 88' lang='grc'>18</span> <span class='ocrx_word' id='word_1_285' title='bbox 940 3437 1118 3488; x_wconf 81' lang='lat' dir='ltr'><strong>contractum</strong></span> <span class='ocrx_word' id='word_1_286' title='bbox 1131 3437 1177 3508; x_wconf 90' lang='grc' dir='ltr'><strong>Ε1</strong></span> 
     </span>
     <span class='ocr_line' id='line_1_35' title="bbox 167 3495 1181 3580; baseline 0.014 -33"><span class='ocrx_word' id='word_1_287' title='bbox 167 3496 278 3563; x_wconf 86' lang='lat' dir='ltr'><strong>torpore</strong></span> <span class='ocrx_word' id='word_1_288' title='bbox 297 3495 327 3548; x_wconf 85' lang='grc' dir='ltr'><em>Ε</em></span> <span class='ocrx_word' id='word_1_289' title='bbox 343 3497 352 3565; x_wconf 92' lang='grc'><strong>11</strong></span> <span class='ocrx_word' id='word_1_290' title='bbox 376 3503 407 3551; x_wconf 82' lang='lat' dir='ltr'><strong>1o</strong></span> <span class='ocrx_word' id='word_1_291' title='bbox 426 3502 598 3553; x_wconf 89' lang='lat' dir='ltr'><strong>mortuorum</strong></span> <span class='ocrx_word' id='word_1_292' title='bbox 617 3501 647 3554; x_wconf 92' lang='grc' dir='ltr'><em>Ε</em></span> <span class='ocrx_word' id='word_1_293' title='bbox 661 3503 665 3572; x_wconf 95' lang='grc'>1</span> <span class='ocrx_word' id='word_1_294' title='bbox 681 3501 782 3556; x_wconf 82' lang='lat' dir='ltr'><strong>offerre</strong></span> <span class='ocrx_word' id='word_1_295' title='bbox 802 3504 828 3558; x_wconf 78' lang='lat' dir='ltr'><em>G</em></span> <span class='ocrx_word' id='word_1_296' title='bbox 848 3507 857 3573; x_wconf 93' lang='grc'><strong>11</strong></span> <span class='ocrx_word' id='word_1_297' title='bbox 876 3510 910 3557; x_wconf 79' lang='lat'><strong>24</strong></span> <span class='ocrx_word' id='word_1_298' title='bbox 929 3520 1038 3574; x_wconf 86' lang='lat' dir='ltr'><strong>semper</strong></span> <span class='ocrx_word' id='word_1_299' title='bbox 1056 3522 1107 3562; x_wconf 87' lang='lat' dir='ltr'><strong>om.</strong></span> <span class='ocrx_word' id='word_1_300' title='bbox 1123 3508 1155 3560; x_wconf 93' lang='grc' dir='ltr'><em>Ε</em></span> <span class='ocrx_word' id='word_1_301' title='bbox 1171 3509 1181 3580; x_wconf 90' lang='grc'><strong>11</strong></span> 
     </span>
    </p>
   </div>
   <div class='ocr_carea' id='block_1_7' title="bbox 168 3563 350 3620">
    <p class='ocr_par' dir='ltr' id='par_1_11' title="bbox 168 3563 350 3620">
     <span class='ocr_line' id='line_1_36' title="bbox 168 3563 350 3620; baseline 0.027 -5"><span class='ocrx_word' id='word_1_302' title='bbox 168 3567 200 3616; x_wconf 67' lang='grc'><strong>17</strong></span> <span class='ocrx_word' id='word_1_303' title='bbox 221 3563 303 3618; x_wconf 80' lang='lat' dir='ltr'><strong>mmis</strong></span> <span class='ocrx_word' id='word_1_304' title='bbox 325 3565 350 3620; x_wconf 72' lang='lat' dir='ltr'><strong><em>G</em></strong></span> 
     </span>
    </p>
   </div>
   <div class='ocr_carea' id='block_1_8' title="bbox 0 0 1276 3940">
    <p class='ocr_par' dir='ltr' id='par_1_12' title="bbox 0 0 1276 3940">
     <span class='ocr_line' id='line_1_37' title="bbox 0 0 1276 3940; baseline 0 0"><span class='ocrx_word' id='word_1_305' title='bbox 0 0 1276 3940; x_wconf 95' lang='lat' dir='ltr'><strong> </strong></span> 
     </span>
    </p>
   </div>
  </div>
 </body>
</html>
