2524 3946
141 133 183 196 72
561 131 733 187 PALLADII

150 277 301 343 XXVIII
315 307 320 322 ·
332 277 383 343 Dc
406 279 474 343 uite
498 277 650 343 theriaca.

140 365 303 432 XXVIIII
332 366 382 431 De
405 389 470 432 uua
494 367 563 431 sine
586 368 706 453 granis.
826 432 829 437 ,

208 455 301 520 XXX
334 455 383 520 De
406 457 475 520 uite
498 455 596 520 nimis
620 456 801 521 lacrimosa.

191 543 303 608 XXXI
334 543 482 629 Myrtitis
506 543 571 609 alia
594 545 754 611 confectio
779 545 955 610 secundum
979 543 1134 610 Graecos.

178 631 302 698 XXXII
334 633 382 697 Vt
404 637 599 718 propomata
622 638 738 719 sponte
761 636 949 699 nascantur
1193 660 1206 700 5

157 721 303 788 XXXIII
335 721 383 787 Vt
405 723 484 786 uitis
508 723 686 807 botryones
709 724 819 787 uarios
842 723 934 787 ferat.

141 810 304 876 XXXIIII
335 810 385 876 De
408 810 507 877 horis.

568 1079 728 1088 ——..-...

208 1379 268 1445 DE
293 1377 452 1444 PRATIS
478 1377 731 1444 SERVANDIS
755 1380 811 1444 ET
834 1377 1101 1445 LAETAMINE

509 1483 800 1552 SATVRANDIS.

125 1611 143 1676 I
217 1611 291 1677 Hoc
315 1632 424 1674 mense
449 1610 530 1675 locis
554 1611 745 1694 temperatis
764 1615 859 1695 prata
877 1611 1033 1696 Incipient
1053 1617 1211 1678 custo-10

148 1701 225 1781 diri,
261 1721 343 1785 quae
374 1698 478 1784 prius,
511 1699 539 1763 si
572 1721 681 1765 macra
714 1705 802 1784 sunt,
840 1722 953 1784 sparso
984 1698 1165 1766 laetamine

149 1795 347 1872 saturentur,
367 1789 452 1873 quod
472 1788 652 1852 eiciendum
672 1793 722 1854 est
740 1789 818 1853 luna
832 1793 1003 1854 crescente.
1037 1794 1166 1873 quanto

148 1875 309 1944 recentius
333 1878 445 1959 fuerit,
474 1881 567 1942 tanto
590 1875 664 1962 plus
687 1878 869 1942 nutriendis
893 1876 1002 1942 herbis
1025 1878 1167 1964 ualebit,

148 1968 235 2053 quod
263 1991 282 2032 a
310 1967 469 2051 superiori
497 1970 590 2050 parte
619 1966 787 2050 fundatur,
815 1971 852 2030 ut
881 1988 976 2032 sucus
1005 1966 1073 2031 eius
1102 1989 1167 2051 per

148 2063 255 2124 totum
278 2056 384 2141 possit
407 2054 502 2119 elabi.
1183 2084 1210 2124 15

1057 2157 1086 2225 0

307 2285 367 2351 DE
392 2283 748 2352 PROSOINDENDIS
773 2284 997 2352 ooLLIBvs.

117 2413 152 2479 II
220 2411 315 2476 Locis
348 2411 466 2495 tepidis
495 2415 551 2475 aut
579 2411 608 2476 si
639 2415 767 2494 tempus
800 2411 940 2476 clemens
973 2415 1007 2475 et
1039 2413 1168 2478 siccum

151 2499 265 2584 fuerit,
289 2498 388 2564 colles
410 2500 549 2584 pingues
572 2499 624 2564 uel
648 2499 711 2565 hoc
734 2521 843 2564 mense
866 2501 1046 2585 proscinde.

364 2729 424 2795 DE
451 2727 640 2795 SATIONII
664 2729 947 2796 TRIMENSTRI.

101 2857 153 2923 HI
219 2855 293 2922 Hoc
316 2866 427 2919 mense
451 2854 621 2918 serendum
646 2876 740 2919 omne
764 2854 1000 2920 trimenstrium
1024 2877 1138 2942 genus.
1187 2887 1216 2925 20

224 3072 238 3119 1
257 3066 299 3120 De
313 3065 436 3120 thiriaca
448 3064 508 3118 uite
522 3065 559 3131 E,
579 3063 708 3133 thyriaca
721 3065 733 3117 i
738 3083 756 3118 a
768 3067 778 3146 li
791 3071 809 3118 4
827 3064 851 3117 D
867 3067 987 3134 (rasura)
1003 3065 1111 3120 mirteti
1125 3068 1168 3138 E,

150 3136 200 3192 DE
220 3137 350 3206 Myrtinis
369 3139 388 3204 i,
407 3136 449 3189 De
467 3135 591 3206 myrtitis
611 3154 629 3190 a
642 3139 681 3206 [it
700 3137 844 3191 batnones
863 3137 938 3192 codd.
961 3139 970 3206 i}
995 3141 1009 3188 7
1028 3137 1167 3193 MENSIS

151 3207 382 3263 FEBRVARIVS
407 3209 515 3262 addunt
538 3208 641 3261 codices
663 3215 688 3262 et
710 3209 733 3274 i,
763 3207 797 3260 de
824 3224 919 3261 mense
946 3206 1087 3261 februario
1107 3209 1139 3262 E

131 3293 135 3298 ’
153 3285 187 3334 10
201 3277 354 3332 Februario
368 3294 463 3332 mense
477 3295 554 3348 ucps
568 3280 577 3346 ΙΙ
592 3283 625 3330 14
645 3277 785 3347 superiore
802 3279 828 3332 G
844 3281 847 3347 Ι
863 3279 997 3332 fundetur
1010 3297 1029 3333 a
1041 3280 1050 3348 li
1066 3283 1098 3331 16
1113 3211 1170 3334 Dii

153 3349 310 3404 SATIONE
338 3348 563 3402 TRIMENSTRI
589 3349 614 3402 G
641 3351 650 3418 Η
683 3355 714 3402 17
744 3349 864 3402 clemens
895 3352 1007 3417 tempus
1034 3351 1128 3420 iocys
1157 3352 1171 3425 ΙΙ

154 3427 187 3475 18
206 3420 253 3475 uel
272 3437 321 3474 om.
338 3421 429 3488 111119
448 3417 875 3473 DESERENDALENTIOULA
893 3421 919 3474 G
932 3423 941 3490 ti
955 3427 989 3475 20
1007 3419 1069 3474 triti
1086 3437 1171 3475 men-

154 3492 253 3546 strium
272 3493 311 3559 L,
329 3488 469 3542 trimestre
488 3490 518 3542 Ε
