2524 3946
166 201 231 268 131
587 199 757 254 prunnon

166 353 222 414 tur
245 368 356 414 mense
380 347 476 431 aprili
499 346 580 411 locis
604 345 733 430 calidis,
755 344 841 408 maio
864 343 1005 428 frigidis,
1027 365 1093 408 non
1116 345 1176 408 sub

167 437 298 522 cortice,
322 436 377 501 sed
400 435 478 500 fisso
503 440 619 500 trunco
641 433 727 499 circa
745 431 834 515 ipsas
852 433 985 498 radices.
1022 432 1178 498 inseritur

167 530 200 591 et
223 526 310 610 piro,
333 530 372 588 nt
396 525 537 608 quidam,
560 527 593 588 et
615 543 719 604 moro,
742 522 798 587 sed
820 521 913 586 insiti
935 520 1057 586 surculi
1080 521 1177 606 qualo

167 615 305 699 desuper
338 612 470 678 omnino
504 610 669 677 muniendi
704 616 781 675 sunt
817 611 869 675 uel
905 610 1000 675 fictili
1036 611 1179 675 uasculo.

168 703 290 768 adserit
313 702 477 767 Martialis
504 701 590 785 apud
613 700 768 784 Assyrios
791 699 897 784 pomis
920 699 1005 764 hanc
1028 701 1179 764 arborem
1205 721 1214 760 r

166 814 233 858 non
257 809 378 858 carere:
409 791 495 875 quod
519 811 580 876 ego
604 790 638 854 in
663 787 812 853 Sardinia
835 787 1002 853 territorio
1026 787 1180 873 Neapoli-

168 888 245 946 tano
268 881 304 945 in
326 879 436 945 fundis
459 879 540 944 meis
565 878 705 962 conpari,
728 878 846 961 quibus
869 876 974 942 solum
998 880 1032 940 et
1054 877 1180 942 caelum

168 971 315 1054 tepidum
348 972 411 1052 est,
444 990 538 1032 umor
571 967 750 1050 exundans,
782 988 841 1050 per
872 965 992 1051 gradus
1021 965 1180 1049 quosdam

169 1059 232 1123 sibi
261 1079 389 1142 semper
416 1079 514 1141 poma
537 1056 721 1141 succedere,
748 1076 821 1119 cum
844 1054 982 1119 maturis
1006 1075 1040 1118 se
1064 1055 1181 1120 acerba

169 1147 387 1230 substituant,
416 1145 608 1211 acerborum
631 1167 708 1208 uero
732 1148 874 1208 aetatem
897 1142 1048 1207 florentia
1072 1165 1215 1210 conse-10

170 1240 326 1320 quantur,
354 1235 467 1299 orbem
491 1235 662 1318 quemdam
686 1233 859 1298 continuae
881 1230 1094 1296 fecunditatis
1118 1233 1182 1298 sibi

117 1325 377 1390 llministrante
404 1326 529 1388 natura.
577 1322 725 1386 feruntur
754 1342 843 1386 acres
872 1320 1029 1385 medullas
1054 1325 1181 1386 mutare

169 1412 327 1496 dulcibur,
351 1412 379 1476 si
402 1410 627 1496 pertriduum
651 1410 757 1474 mulsa
780 1432 865 1494 aqua
888 1408 1011 1473 semina
1030 1411 1183 1493 ponenda
1253 1455 1254 1468 ,

170 1505 376 1566 macerentur
407 1500 460 1564 uel
492 1500 593 1564 ouillo
624 1499 726 1581 lacte,
757 1498 844 1582 quod
876 1500 1031 1583 praestat.
1080 1499 1182 1583 aliqui

169 1611 280 1654 mense
311 1588 477 1654 februario
509 1592 662 1653 truncum
695 1588 827 1671 obliquo
855 1586 1014 1652 foramine
1045 1588 1088 1652 ab
1116 1589 1182 1653 imo
1195 1613 1215 1655 1⁵

170 1679 348 1763 terebrant,
361 1677 410 1743 ita
424 1681 461 1742 ut
476 1677 579 1742 altera
592 1682 686 1762 parte
700 1698 766 1741 non
781 1680 887 1740 exeat:
904 1697 942 1740 ex
957 1675 1019 1741 hoc
1033 1699 1183 1742 umorem

170 1766 269 1831 fluere
282 1766 489 1851 permittunt,
502 1767 602 1831 donec
617 1788 716 1850 poma
729 1765 924 1831 formentur:
942 1767 1022 1829 tunc
1035 1765 1184 1830 foramen

170 1855 240 1919 luto
269 1856 414 1939 replent:
442 1856 503 1937 sic,
531 1855 617 1939 quod
642 1858 692 1919 est
715 1854 871 1936 medium,
898 1853 970 1917 fieri
992 1853 1087 1918 dulce
1112 1877 1183 1920 con·

121 1946 162 2012 18
172 1943 313 2008 firmant.
345 1944 481 2009 citream
501 1947 534 2008 et
552 1942 588 2008 in
606 1944 721 2008 arbore
739 1947 851 2027 potest
869 1963 927 2026 per
940 1946 1048 2007 totum
1064 1965 1184 2008 annum

172 2033 409 2118 propemodum
428 2031 598 2098 custodiri:
621 2031 747 2115 melius,
771 2031 799 2095 si
817 2031 960 2096 uasculis
979 2031 1183 2115 quibuscum·
1195 2057 1217 2097 sa

172 2144 233 2205 que
263 2121 442 2187 claudatur.
489 2121 516 2185 si
544 2121 627 2186 uelis
656 2120 764 2206 legere
792 2123 891 2204 atque
919 2141 1061 2204 seruare,
1088 2126 1184 2187 nocte

171 2211 249 2276 luna
281 2211 405 2276 latente
437 2209 570 2274 debebis
604 2231 677 2274 cum
709 2209 810 2274 ramis
837 2208 962 2274 foliatis
990 2230 1124 2294 carpere
1153 2215 1184 2275 et

172 2302 297 2364 secreta
320 2299 499 2384 disponere.
535 2298 592 2362 alii
615 2298 746 2383 singula
764 2298 852 2363 uasis
871 2297 1008 2383 singulis
1028 2298 1185 2364 claudunt

171 2387 224 2452 uel
247 2409 353 2473 gypso
378 2387 526 2452 adlinunt
550 2392 583 2451 et
605 2408 707 2471 opaco
725 2387 798 2452 loco
818 2387 969 2452 ordinata
987 2388 1183 2452 custodiunt

171 2475 318 2561 plerique
346 2476 381 2539 in
408 2475 493 2540 cedri
521 2477 619 2541 scobe
646 2476 699 2540 uel
727 2473 941 2540 straminibus
969 2475 1105 2542 minutis
1130 2477 1183 2541 uel
1196 2500 1218 2542 a

170 2565 206 2627 in
229 2562 330 2647 paleis
353 2568 440 2628 tecta
464 2568 605 2630 seruant.

245 2701 386 2756 lmaiore
404 2705 431 2758 L
457 2705 467 2774 ΙΙ
494 2705 595 2759 2fisco
613 2705 640 2758 L
667 2707 677 2774 ΙΙ
704 2706 772 2758 311
790 2703 906 2772 quidam
924 2703 1022 2758 volunt
1040 2721 1065 2774 s,
1087 2704 1185 2760 volunt

173 2773 237 2829 incl.
252 2790 289 2843 cp
317 2774 321 2845 1
352 2777 380 2828 et
397 2791 474 2830 moro
493 2791 543 2830 om.
560 2777 587 2830 G
611 2779 615 2846 Ι
645 2775 854 2829 sed-uasculo
872 2791 923 2830 ora.
934 2792 956 2845 p
980 2775 984 2847 Ι
1014 2774 1112 2830 circuli
1130 2777 1182 2847 Fl

174 2845 372 2914 qualo-sunt
393 2862 443 2900 om.
459 2847 630 2917 PLQV¹G
660 2848 663 2918 Ι
693 2846 777 2914 quale
800 2846 832 2901 F
855 2849 864 2917 ΙΙ
892 2853 908 2900 4
931 2845 1007 2900 omni
1029 2847 1113 2902 modo
1132 2864 1185 2917 pro

174 2916 286 2972 omnino
305 2915 409 2972 V’SF
431 2921 435 2988 Ι
461 2918 576 2974 uasculo
595 2917 765 2972 clauduntur
784 2917 810 2972 G
832 2920 841 2987 ΙΙ
865 2923 880 2972 5
899 2917 1047 2972 marciales
1067 2918 1113 2988 G!
1135 2920 1184 2972 ad-

175 2987 264 3055 syrios
283 2987 381 3058 LQV,
401 2987 481 3042 sirios
502 2989 528 3044 G
551 2992 560 3059 ΙΙ
583 2995 599 3043 6
619 2987 715 3043 sardia
733 2990 781 3060 ΕΙ
799 2991 828 3043 et
846 2988 875 3042 in
893 2987 1034 3043 territorio
1053 3007 1120 3058 aas,
1144 2991 1185 3062 [et

174 3056 216 3128 in]
235 3058 377 3114 territorio
395 3061 465 3130 pllss
485 3062 514 3114 et
531 3060 631 3114 humor
649 3061 704 3128 Ea,
723 3063 752 3114 et
769 3061 904 3131 1111191
921 3059 1064 3114 exundans
1084 3063 1127 3114 est
1141 3079 1164 3130 p

173 3144 224 3196 per
243 3129 364 3197 grandos
384 3131 511 3186 PL'VF
526 3133 535 3200 11
557 3139 572 3185 9
591 3148 676 3201 poma
695 3147 803 3200 semper
821 3132 852 3185 Ε
863 3134 872 3202 ΙΙ
887 3137 921 3185 10
940 3129 1114 3186 constituant
1131 3132 1159 3185 L

175 3204 207 3251 11
233 3200 411 3255 contentiuae
430 3202 461 3255 Ε
485 3204 495 3271 ll
523 3207 556 3255 12
578 3203 678 3256 Fertur
695 3203 721 3256 L
747 3204 750 3274 Ι
775 3205 903 3257 maturae
921 3203 962 3271 E,
986 3205 1111 3256 maturas
1129 3203 1162 3256 F

176 3275 209 3322 13
229 3271 413 3337 squamulae
431 3289 520 3342 ceps,
541 3289 615 3341 aqua
633 3275 710 3327 omi
732 3277 741 3343 11
765 3279 798 3327 18
817 3273 841 3327 si
855 3289 909 3344 pro
928 3273 968 3327 sic
986 3274 1030 3327 Li
1051 3276 1061 3344 11
1084 3278 1116 3327 19
1135 3289 1184 3344 per

174 3341 267 3393 totum
293 3356 396 3394 annum
414 3359 464 3397 om.
476 3360 499 3412 p
527 3345 532 3414 Ι
560 3346 622 3397 toto
641 3360 714 3398 anno
733 3343 847 3399 seruari.
875 3344 977 3398 Melius
996 3361 1081 3414 quam
1099 3343 1160 3414 sip

175 3416 210 3464 24
234 3409 281 3463 uel
304 3427 392 3479 gypso
417 3412 548 3467 adlinunt
565 3429 651 3483 orrap
676 3417 680 3484 Ι
705 3414 848 3469 adliniunt
866 3415 925 3486 ΟΕ
949 3419 953 3486 Ι
983 3415 1112 3471 ordinato
1130 3417 1163 3470 F

177 3486 211 3560 ab
229 3479 449 3549 plerique-uel
468 3501 552 3553 orap
567 3486 571 3554 Ι
588 3484 687 3538 cedris
699 3485 725 3539 G
741 3488 745 3554 Ι
761 3485 860 3540 scrobe
877 3487 908 3540 Ε
927 3489 931 3558 l
952 3487 963 3560 [
965 3487 1008 3560 in]
1027 3490 1122 3543 stram
1142 3505 1183 3560 ey,

176 3567 207 3603 un
226 3553 320 3606 rtrum.
336 3554 442 3621 111126
461 3558 610 3609 sciuerunt
623 3563 689 3625 pet
706 3557 808 3612 codices
821 3562 932 3627 practer
950 3559 980 3613 Ε
