2538 3942
441 210 557 266 AGRIO.
572 210 651 266 vnn
664 216 733 266 5-8
1028 212 1091 277 193

88 358 243 424 tenuitate
261 357 315 422 uel
333 355 373 423 de
391 357 590 422 abundantia
606 355 757 422 indicare.
795 361 883 422 creta
900 361 1013 424 tenues
1032 381 1092 425 nec
1115 359 1137 424 2

87 447 202 532 optimi
220 447 344 531 saporis
364 468 464 510 uenas
483 445 615 529 creabit,
639 445 753 510 sabulo
772 446 900 510 solutus
919 447 1027 533 exiles,
1045 449 1093 513 in·

87 558 213 621 suanes,
245 535 378 600 limosas
406 538 439 599 et
466 534 573 618 spatio
602 534 717 599 altiore
746 556 956 600 summersae:
996 538 1092 623 nigra

86 631 170 691 terra
203 645 331 689 umores
363 627 397 688 et
428 623 596 688 stillicidia
628 644 693 687 non
725 644 844 710 magna
876 646 915 688 ex
941 625 1091 690 bibernis

61 713 243 780 simbribus
263 716 296 777 et
313 712 439 796 liquore
458 711 596 777 collecta
614 712 669 776 sed
684 711 810 796 saporis
830 713 962 798 egregii,
981 714 1092 799 glarea

85 802 261 867 mediocres
284 805 318 866 et
339 802 481 866 incertas
503 819 604 865 uenas
628 799 683 866 sed
707 800 870 865 suauitate
892 802 1092 888 praecipuas,

84 891 197 956 sabulo
226 890 389 956 masculus
417 893 451 956 et
476 889 599 954 harena
626 892 659 954 et
687 889 901 955 carbunculus
930 894 1035 956 certas
1058 897 1092 956 et

84 979 231 1044 ubertate
253 978 408 1064 copiosas.
445 978 480 1046 in
499 998 578 1043 saro
596 979 696 1043 rubro
715 979 820 1043 bonae
839 983 871 1043 et
889 979 1091 1045 abundantes

85 1072 167 1134 sunt.
215 1068 271 1132 sed
298 1066 535 1152 prouidendum
558 1070 623 1151 est,
645 1088 685 1131 ne
708 1068 860 1132 inuentae
883 1068 969 1132 inter
991 1069 1091 1134 rimas
1114 1070 1136 1136 3

50 1156 250 1244 rorefngiant
273 1160 306 1221 et
329 1178 387 1240 per
409 1156 592 1221 interuenia
615 1155 810 1222 dilabantur.
847 1157 907 1220 sub
930 1157 1092 1222 radicibus
1200 1193 1203 1200 ⁴

86 1244 248 1311 montium
267 1249 301 1309 et
314 1245 349 1310 in
363 1244 448 1310 saxis
464 1243 611 1310 silicibus
626 1243 753 1330 uberes,
770 1243 919 1330 frigidae,
937 1245 1092 1331 salubres,

84 1334 165 1399 loeis
195 1333 432 1417 campestribus
460 1332 578 1417 salsae,
606 1353 737 1418 graues,
764 1334 906 1419 tepidae,
933 1334 1094 1400 insuaues.

84 1444 223 1506 quarum
243 1442 340 1506 sapor
358 1422 386 1486 si
406 1421 548 1507 optimus
568 1422 676 1506 luerit,
693 1423 824 1487 noueris
843 1443 897 1487 eas
916 1423 977 1487 sub
996 1423 1092 1488 terris

84 1511 253 1576 exordium
276 1511 314 1574 de
337 1515 448 1575 monte
472 1510 662 1595 sumpsisse:
693 1511 748 1576 sed
772 1511 806 1574 in
833 1511 948 1576 mediis
970 1512 1093 1597 campis

48 1627 70 1666 15
83 1603 313 1665 montanorum
329 1598 470 1664 fontium
485 1597 683 1664 suauitatem
698 1604 883 1685 sequentur,
901 1600 929 1665 si
942 1601 1094 1666 umbran-

83 1688 171 1753 tibus
187 1692 344 1772 tegantur
357 1687 510 1752 arbustis.
542 1691 619 1752 sunt
632 1692 666 1753 et
679 1689 759 1753 haec
774 1689 868 1774 signa
882 1689 1093 1775 uestigandae
1115 1689 1139 1754 4

82 1798 197 1861 aquae,
216 1776 333 1860 quibus
356 1781 433 1842 tunc
448 1777 617 1860 eredimus,
637 1777 782 1860 sineque
797 1777 913 1842 lacuna
926 1782 977 1843 est
989 1797 1093 1862 neque

82 1865 203 1950 aliquis
224 1865 271 1929 ibi
291 1886 330 1929 ex
348 1866 579 1930 consuetudine
598 1887 693 1930 umor
711 1865 832 1930 insidet
850 1869 908 1930 aut
926 1868 1093 1950 praeterit.

82 1954 199 2020 iuncus
228 1954 351 2034 tenuis,
383 1954 465 2019 salix
493 1953 655 2037 siluatica,
687 1954 794 2038 alnus,
825 1955 928 2038 uitex,
961 1955 1093 2040 arundo,

45 2070 69 2108 so
83 2043 180 2108 edera
205 2046 385 2126 ceteraque,
408 2044 437 2107 si
455 2065 520 2127 qna
538 2064 651 2108 umore
671 2044 858 2129 gignuntur.
894 2043 985 2108 loeus
1005 2064 1093 2128 ergo,
1116 2043 1138 2108 5

81 2131 139 2197 nbi
159 2130 327 2216 praedicta
346 2131 440 2216 signa
455 2133 646 2217 reppereris,
664 2132 807 2196 fodiatur
820 2131 993 2196 latitudine
1007 2132 1094 2216 pedi·

81 2223 143 2286 bns
163 2219 281 2304 tribus,
300 2220 472 2284 altitudine
491 2220 628 2306 pedibus
648 2220 789 2304 quinque
804 2227 838 2284 et
850 2221 998 2304 proxime
1013 2221 1093 2286 solis

82 2331 236 2376 occasum
263 2309 419 2373 mundum
446 2331 504 2374 uas
532 2308 579 2373 ibi
608 2330 736 2374 aereum
759 2307 813 2373 uel
834 2310 1024 2393 plumbeum
1047 2310 1094 2374 in·

81 2399 186 2464 terius
217 2401 352 2463 unctum
379 2396 545 2463 inuersum
573 2401 714 2483 ponatur
741 2397 777 2460 in
803 2397 874 2461 solo
902 2397 1004 2482 ipsius
1029 2396 1095 2463 fos·

44 2514 68 2553 25
82 2488 196 2552 sionis.
233 2490 311 2551 tunc
335 2508 433 2571 supra
454 2486 562 2554 fossae
584 2486 678 2551 labra
701 2488 805 2551 crates
826 2484 914 2550 facta
932 2486 970 2550 de
989 2487 1093 2572 uirgis

79 2599 116 2642 ac
139 2575 315 2642 frondibus
335 2576 506 2660 additaque
530 2579 620 2641 terra
643 2575 786 2660 spatium
806 2597 900 2640 omne
919 2575 1092 2661 cooperiat.

79 2664 233 2750 sequenti
261 2664 313 2729 die
340 2668 452 2748 aperto
480 2664 567 2748 loco,
595 2665 623 2730 si
651 2665 685 2728 in
713 2663 826 2730 eodem
853 2685 931 2729 uase
959 2665 1092 2730 sudores
1116 2665 1137 2729 6

78 2753 279 2819 intrinsecus
302 2753 509 2818 inuenientur
532 2757 589 2818 aut
612 2753 730 2837 stillae,
753 2775 853 2837 aquas
872 2753 920 2818 ibi
938 2774 1008 2818 esse
1027 2775 1094 2818 non

155 2933 172 2980 2
192 2925 301 2980 creauit
319 2927 377 2982 PL
386 2927 446 2980 VF
468 2930 472 2997 Ι
498 2927 617 2982 Sabulos
636 2926 684 2980 E’
704 2928 708 2996 l
733 2926 840 2981 solutas
859 2927 886 2980 V
909 2928 918 2996 ΙΙ
945 2925 1093 2994 oglareae

78 2997 285 3053 PLSTE¹G
311 3000 321 3067 ΙΙ
348 3004 364 3051 6
387 2997 541 3068 praecipua
563 2999 620 3054 PL
630 2998 778 3053 VSTFE
803 3000 812 3067 ΙΙ
840 3005 855 3052 7
879 2995 997 3050 Sabulos
1020 2997 1067 3050 E’

78 3076 95 3123 8
114 3070 191 3124 bene
205 3070 237 3123 E
248 3071 258 3138 ΙΙ
272 3074 288 3122 9
306 3068 337 3122 in
350 3072 448 3123 uentre
458 3087 481 3138 p
494 3073 503 3139 ΙΙ
518 3075 551 3123 10
570 3068 743 3124 interuenias
757 3069 784 3123 V
794 3071 803 3139 ΙΙ
818 3074 851 3122 14
866 3066 1072 3136 sumpsissaeG

79 3147 112 3195 15
124 3142 285 3210 sequuntur
295 3141 340 3210 Τι’,
350 3143 555 3208 consequentur
564 3158 641 3212 ceps
654 3143 664 3210 ll
678 3146 711 3194 16
721 3138 945 3211 uestigandaEll
955 3145 988 3192 17
1004 3155 1094 3221 aquae

77 3229 130 3267 om.
153 3212 185 3266 E
210 3214 219 3282 ll
248 3216 281 3265 18
304 3209 428 3266 insideat
449 3212 480 3265 E
505 3214 514 3282 ll
542 3217 576 3266 19
601 3211 626 3266 si
646 3210 823 3266 siluaticaG
852 3214 855 3279 Ι
886 3208 1095 3281 alnus-signa

78 3300 132 3338 om.
151 3281 293 3353 Gluitex
311 3299 360 3337 om.
372 3285 417 3353 Pl
431 3287 465 3336 20
483 3283 565 3338 Locis
580 3301 602 3353 p
618 3287 622 3354 Ι
638 3299 705 3337 nero
723 3297 776 3351 pro
795 3297 861 3350 ergo
879 3281 931 3362 ΕΙΙ
945 3287 977 3335 21
998 3299 1094 3351 supra·

78 3353 163 3408 diota
180 3353 416 3425 iacyslreperis
434 3355 516 3422 ί1122
536 3357 565 3409 et
584 3355 620 3408 ad
638 3352 763 3424 proxima
781 3351 899 3421 Ε’1123
918 3351 959 3406 rbi
977 3353 1094 3425 uasEll

77 3431 113 3479 25
133 3424 210 3479 fosse
229 3425 357 3492 PLFT,
378 3424 454 3478 fossa
475 3425 522 3496 Gy
538 3427 542 3496 1
558 3425 633 3480 libra
650 3424 742 3480 PLG
757 3426 761 3492 Ι
778 3424 853 3477 crate
877 3440 953 3494 ceps
969 3426 973 3494 l
988 3422 1095 3492 uirgul-

77 3495 117 3548 tis
137 3495 172 3550 E
183 3499 192 3567 ll
205 3502 239 3549 26
260 3495 384 3566 coperiat
401 3496 459 3551 PL
469 3496 551 3566 V1F,
571 3494 734 3565 cohoperiat
747 3495 784 3562 E,
803 3494 980 3563 cooperiatur
993 3511 1070 3565 ceps
1085 3493 1095 3565 ll

77 3573 114 3622 28
134 3566 306 3622 intrinsecus
324 3585 374 3624 om.
390 3585 423 3638 p,
443 3568 506 3623 incl.
526 3585 541 3623 s
556 3569 560 3639 Ι
576 3565 757 3620 inueniuntur
773 3582 795 3635 p
810 3566 814 3637 Ι
831 3582 934 3633 aquam
948 3565 1003 3620 SE

134 3667 279 3708 Paunnnm
293 3667 328 3708 ed.
339 3667 470 3709 Schmitt¹
902 3657 934 3705 13
