2518 3938
456 208 724 264 aerioma-r
1030 213 1094 277 237

83 355 170 439 pulla
184 354 249 420 seri
268 358 426 439 potestat
446 356 640 420 carduorum
657 357 772 439 planta
790 356 920 440 disponi
939 363 973 423 et
992 381 1096 424 armo-

82 467 172 510 racca
196 443 318 509 seritur
341 447 374 509 et
397 445 520 509 cunela.
564 445 569 456 '

474 676 534 741 DE
558 675 703 741 POMIS.
797 669 799 672 ’

146 799 221 866 Hoc
245 823 354 866 mense
377 801 458 865 locis
487 799 614 884 calidis,
644 801 760 865 ceteris
791 822 868 865 uero
897 801 1045 867 ianuario
1083 803 1148 868 VII

59 890 200 973 apersioi
224 911 299 954 ossa
320 889 356 954 in
377 890 552 974 pastinatis
577 889 661 953 areis
690 893 767 953 sunt
794 892 943 974 ponenda
965 891 1052 956 binis
1077 914 1096 956 a

82 1001 113 1042 se
135 977 275 1064 pedibus
299 984 464 1065 separata,
486 982 537 1063 ut,
561 1001 634 1043 cum
658 977 705 1042 ibi
727 979 860 1063 plantae
884 980 1096 1063 excreucrint,

80 1067 328 1140 transferantur.
375 1069 430 1132 sed
461 1087 536 1132 ossa
565 1073 731 1152 ponantur
764 1069 911 1133 acumine
944 1071 1095 1134 deorsum
1202 1137 1204 1141 ,

80 1179 175 1222 uerso
199 1161 233 1221 et
254 1179 323 1224 non
345 1157 486 1242 amplius
511 1179 608 1242 quam
628 1157 754 1221 duobus
775 1161 832 1221 aut
850 1157 956 1222 tribus
975 1160 1095 1242 palmis

81 1247 271 1311 obruantur.
318 1268 393 1311 ossa
416 1268 504 1329 uero,
528 1267 610 1330 quae
629 1247 778 1329 ponenda
802 1252 888 1330 sunt,
911 1248 1013 1332 aliqui
1037 1246 1096 1313 sio-

46 1363 69 1402 ro
83 1338 155 1400 cata
179 1335 270 1418 prius
294 1335 406 1420 paucis
430 1333 544 1400 diebus
564 1334 681 1400 cineris
704 1335 860 1400 mixtione
879 1339 969 1401 terra
987 1337 1096 1402 soluta

79 1423 113 1488 in
136 1424 244 1508 qualis
268 1429 446 1489 reseruant.
489 1445 549 1510 ego
567 1446 652 1488 uero
676 1447 778 1509 usque
802 1425 842 1488 ad
866 1426 993 1490 serendi
1016 1431 1097 1490 tem-

79 1536 139 1597 pus
166 1515 236 1578 sine
259 1513 326 1578 ulla
349 1536 426 1579 cura
450 1535 545 1598 saepe
574 1514 711 1578 seruaui.
758 1514 838 1578 locis
864 1515 993 1598 quidem
1018 1517 1139 1599 qua-2

79 1603 308 1687 libuscumque
337 1603 541 1687 proueniunt.
587 1602 643 1666 sed
671 1606 705 1666 et
731 1602 838 1686 pomis
866 1607 899 1668 et
925 1604 1095 1670 frondibus

80 1696 111 1757 et
144 1690 357 1756 durabilitate
388 1689 563 1776 praecipua
596 1695 687 1776 sunt,
724 1693 752 1756 si
789 1694 914 1758 caelum
948 1694 1096 1778 calidum,

45 1809 67 1848 a
81 1780 189 1846 solum
206 1780 404 1846 harenosum
428 1785 461 1846 et
479 1781 627 1845 umidum
650 1781 846 1846 sortiantur:
869 1781 998 1866 frigidis
1018 1805 1096 1847 uero

80 1875 112 1934 et
135 1870 278 1936 maxime
301 1869 463 1956 uentosis,
489 1870 553 1934 nisi
583 1868 713 1935 obiectu
738 1871 848 1954 aliquo
873 1870 1097 1958 defendantur,

78 1959 254 2024 intereunt.
302 1959 378 2023 dum
409 1962 521 2024 tenera
551 1963 628 2024 sunt
658 1960 819 2044 germina,
854 1981 949 2044 saepe
984 1959 1095 2025 herbis

80 2049 295 2114 circumfossa
318 2047 506 2114 liberentur.
552 2046 675 2112 bimam
703 2049 851 2131 plantam
877 2051 964 2113 recte
992 2052 1098 2113 trans-

79 2136 223 2202 feremus
244 2138 368 2202 ‘scrobe
398 2137 500 2202 breui.
545 2159 604 2202 nec
633 2159 652 2200 a
680 2159 714 2201 se
742 2137 874 2222 longius
906 2138 1096 2202 statuendae

42 2231 172 2305 asana,
202 2230 251 2291 ut.
269 2227 410 2291 inuicem
441 2248 475 2290 se
506 2249 525 2290 a
555 2226 661 2291 calore
692 2226 769 2291 solis
800 2229 964 2290 excusent.
1010 2226 1141 2293 obla-3

80 2316 248 2400 queandae
281 2319 359 2380 sunt
390 2337 449 2399 per
482 2319 675 2379 autumnum
708 2320 741 2380 et
771 2315 838 2379 suis
868 2316 1096 2381 stercorandae

78 2403 179 2470 foliis.
216 2405 362 2490 putanda
385 2404 531 2488 persicus
554 2403 589 2468 in
613 2427 650 2469 eo
675 2410 733 2488 est,
755 2408 793 2468 ut
817 2404 907 2468 arida
930 2408 964 2469 et
986 2405 1098 2489 putria

79 2498 212 2558 tantum
235 2493 381 2580 uirgulta
404 2494 577 2558 tollantur:
600 2516 677 2557 nam
701 2493 826 2578 siquid
849 2493 953 2558 uiride
977 2517 1098 2561 resece-

79 2605 165 2667 mus,
185 2583 312 2649 arescit.
341 2584 508 2668 languenti
529 2582 638 2646 arbori
657 2582 777 2647 ueteris
801 2581 870 2647 uini
889 2582 974 2648 faces
995 2605 1097 2668 aquae

41 2672 203 2738 amintas
227 2676 358 2756 oportet
385 2671 520 2736 infundi.
567 2672 814 2736 adfirmantibus
839 2671 971 2737 Graecis
999 2674 1098 2756 persi·

80 2783 140 2827 cus
165 2759 289 2846 scripta
308 2764 471 2846 nascetur,
495 2761 523 2826 si
547 2783 622 2825 ossa
645 2761 714 2826 eius
734 2761 853 2832 obruas
873 2765 907 2826 et
929 2767 1005 2844 post
1029 2783 1099 2845 sep-

80 2855 151 2915 tem
176 2850 258 2936 dies,
281 2851 339 2914 ubi
362 2849 511 2933 patefieri
535 2850 714 2934 coeperint,
743 2851 866 2933 apertis
889 2849 941 2913 his
964 2849 1097 2924 nucleos

79 2939 183 3004 tollas
207 2944 240 3003 et
262 2939 314 3004 his
339 2940 521 3023 cinnabari,
545 2940 632 3022 quod
654 2938 786 3024 libebit,
806 2939 975 3003 inscribas.
1023 2961 1099 3003 mox

158 3155 172 3203 1
192 3149 424 3220 potest—cunela
441 3166 491 3204 om.
508 3167 531 3218 p
546 3151 550 3221 1
567 3149 715 3219 carplanta
733 3151 763 3204 Ε
775 3153 814 3220 113
834 3149 875 3202 De
893 3149 1010 3217 persicis
1029 3149 1077 3204 Ε2

81 3227 98 3274 5
113 3220 238 3292 pastinis
255 3220 281 3275 G
297 3224 301 3293 Ι
316 3221 398 3275 bonis
408 3221 435 3274 L
448 3224 457 3290 11
472 3227 487 3275 6
502 3219 540 3276 Et
550 3239 603 3290 pro
618 3224 650 3274 ut
663 3223 675 3275 c‘
688 3225 697 3292 11
712 3228 726 3274 7
742 3219 929 3275 transferatur
939 3223 996 3277 PL
1007 3222 1077 3276 1⁷¹6
1145 3221 1146 3224 ’

80 3299 99 3347 8
120 3291 221 3362 digitis
235 3310 289 3362 pro
307 3292 410 3362 palmis
429 3310 487 3363 aoy
500 3295 510 3363 11
525 3299 557 3347 12
577 3292 675 3347 curaui
694 3293 770 3348 5²11]
786 3295 795 3362 11
817 3297 849 3346 18
870 3291 1035 3347 ciriumfusa
1049 3294 1097 3366 Ε1

79 3363 227 3418 BinamE
239 3366 248 3433 11
264 3370 296 3418 19
310 3381 346 3418 ne
361 3364 418 3419 PL
427 3365 461 3432 Τ,
476 3381 567 3433 neque
582 3365 673 3419 ΒΕΓ
686 3364 689 3435 1
706 3363 789 3434 longe
804 3365 960 3438 iacysllw
971 3365 1052 3419 edem
1062 3365 1098 3433 E,
1121 3420 1123 3426 ,

80 3438 222 3489 autumno
241 3453 318 3507 acqs
333 3439 337 3505 1
353 3435 469 3518 putrida
492 3437 657 3506 VFEa'cys
670 3439 680 3505 11
694 3441 727 3488 23
746 3451 922 3490 recensemus
937 3438 968 3489 Ε
980 3439 989 3505 11
1003 3442 1037 3488 24
1051 3451 1100 3488 ue-

79 3506 141 3633 tcpri
161 3507 187 3560 G
205 3509 262 3577 1126
280 3524 375 3578 gregis
393 3509 420 3562 L
440 3509 450 3576 1
473 3513 507 3561 26
526 3508 626 3561 obrues
649 3507 741 3578 Τ126
761 3522 809 3560 sex
829 3506 888 3562 dies
909 3509 945 3575 T,
970 3506 1029 3560 dies
1048 3505 1100 3560 VH

117 3595 189 3648 cepa
