2556 3942
458 158 575 214 naulo.
591 160 604 212 I
618 165 688 213 6-8
1043 160 1084 224 13

74 328 147 370 esse.
187 306 222 369 in
250 305 369 369 uinetis
399 305 537 369 maxime
560 304 830 370 considerandum
854 308 952 389 atque
975 305 1081 370 uitan-

74 395 144 458 dum
158 398 217 476 est,
232 393 318 478 quod
331 393 476 478 plerique
492 394 641 459 fecerunt
655 395 814 458 studendo
829 393 935 458 famae
950 398 1080 459 tantum

74 489 103 546 et
124 482 291 547 latitudini
313 481 518 566 pastinorum
542 483 666 547 semina
684 482 804 548 uitium
823 487 1007 548 statuentes
1026 484 1079 547 uel

74 571 192 636 sterilia
219 571 272 636 uel
301 572 426 655 saporis
454 571 593 656 indigni:
623 573 721 656 quod
737 571 853 654 grandi
881 573 944 636 tibi
967 573 1081 637 labore

50 661 245 744 monstrubit,
271 663 309 724 ut
332 661 491 746 corrigas,
518 659 546 724 si
570 681 686 746 agrum
710 681 867 744 conpares
892 659 984 726 uitiis
1008 661 1081 725 tali-

73 750 127 814 bus
146 752 350 833 occupatum.
386 750 508 833 positio
526 749 631 833 ipsius
651 748 731 835 agri,
756 750 813 832 qui
831 748 1001 835 eligendus
1021 754 1081 833 est,
1105 751 1126 814 3

72 861 105 902 ea
136 839 187 904 sit.
234 839 269 902 in
300 837 430 923 frigidis
459 837 638 922 prouinciis
667 838 786 903 orienti
815 841 872 903 aut
900 838 1081 903 meridiano

72 927 161 990 lateri
191 948 271 1012 ager
299 948 369 991 esse
397 927 494 991 debet
521 927 706 1010 obpositae,
734 950 774 992 ne
803 927 941 992 alieuius
970 927 1082 1012 magni

73 1016 186 1080 montis
221 1015 352 1081 obiectu
383 1015 436 1080 his
468 1016 593 1080 duabus
622 1016 771 1099 partibus
800 1017 940 1081 exclusis
970 1016 1081 1102 algore

42 1129 61 1165 ιο
72 1106 209 1188 rigescat
232 1109 290 1169 aut
312 1127 370 1189 per
388 1110 516 1188 partem
535 1105 779 1188 septemtrionis
799 1110 926 1170 remoto
947 1108 1004 1169 aut
1023 1128 1082 1189 per

72 1191 243 1258 occidentis
276 1193 311 1257 in
343 1215 513 1277 uesperam
542 1195 610 1259 sole
638 1193 750 1258 dilato.
796 1194 831 1258 in
859 1192 973 1258 calidis
1002 1216 1082 1260 uero

72 1282 243 1364 prouinciis
263 1304 338 1366 pars
357 1283 468 1365 potius
488 1283 733 1366 septemtrionis
754 1283 897 1366 optanda
915 1287 975 1365 est,
998 1305 1081 1366 quae

72 1374 100 1434 et
123 1370 264 1437 utilitati
292 1373 325 1435 et
351 1371 516 1456 uoluptati
545 1379 578 1435 et
605 1372 704 1436 saluti
733 1393 838 1456 aequa
860 1371 1010 1436 bonitate
1035 1395 1083 1436 re-

74 1461 234 1542 spondeat.
271 1461 297 1524 si
322 1459 447 1524 uicinus
471 1465 522 1524 est
544 1460 674 1543 fluuius,
697 1462 755 1524 ubi
779 1461 955 1525 statuimus
979 1461 1081 1525 fabri·
1105 1461 1128 1524 4

46 1571 120 1613 neae
148 1550 259 1614 sedem
286 1570 414 1632 parare,
443 1547 511 1614 eius
540 1550 694 1615 debemus
723 1549 892 1633 explorare
918 1553 1082 1632 naturam,

75 1638 140 1719 quia
163 1638 371 1722 plerumque,
400 1639 485 1721 quod
509 1639 653 1722 exhalat,
681 1637 851 1704 inimicum
875 1643 939 1721 est,
964 1661 982 1702 a
1007 1661 1082 1724 quo,

75 1725 97 1788 si
109 1727 184 1792 talis
199 1726 254 1807 sit,
273 1727 445 1791 conueniet
459 1726 607 1813 refugere
623 1728 836 1792 conditorem.
859 1728 955 1810 palus
970 1732 1082 1793 tamen

75 1815 153 1880 omni
178 1815 275 1880 modo
299 1815 434 1880 uitanda
457 1821 516 1898 est,
539 1816 711 1900 praecipue
733 1837 815 1900 quae
835 1817 876 1880 ab
897 1821 1010 1881 austro
1031 1821 1082 1881 est

75 1904 117 1967 uel
139 1903 308 1970 occidente
332 1909 365 1967 et
389 1905 503 1970 siccari
523 1905 693 1970 consueuit
714 1909 849 1987 aestate,
872 1911 1007 1989 propter
1026 1928 1084 1989 pe-

47 1993 246 2058 uetilentiam
269 1992 322 2056 uel
347 1994 502 2057 animalia
523 1993 671 2079 inimica,
695 2016 776 2078 quae
801 1999 945 2080 generat.

415 2223 474 2288 DE
498 2223 738 2291 AEDIFICIO.

132 2349 326 2414 Aedificium
340 2371 400 2433 pro
416 2349 488 2434 agri
503 2349 619 2414 merito
635 2355 669 2415 et
681 2371 741 2434 pro
757 2348 890 2414 fortuna
904 2348 1029 2415 domini
1053 2348 1137 2414 Vlll

79 2442 197 2519 oportet
224 2438 367 2503 institui:
397 2438 482 2522 quod
509 2439 701 2522 plerumque
727 2436 888 2502 inmodice
913 2442 1081 2522 sumptum

79 2523 231 2592 difficilius
252 2531 303 2592 est
321 2525 481 2591 sustinere
501 2548 599 2610 quam
619 2529 765 2592 condere.
797 2527 846 2591 ita
864 2527 967 2612 igitur
986 2528 1082 2592 aesti-

52 2617 183 2682 smanda
206 2616 276 2681 eius
300 2620 350 2681 est
374 2616 574 2700 magnitudo,
597 2621 644 2700 ut,
668 2616 697 2680 si
721 2616 840 2700 aliquis
863 2638 957 2681 casus
975 2615 1081 2681 incur-

81 2705 218 2787 rariter
242 2726 331 2790 agro,
354 2705 389 2769 in
413 2726 475 2789 quo
500 2709 559 2789 est,
581 2705 678 2769 unius
703 2704 779 2769 anni
803 2708 860 2768 aut
884 2711 920 2770 ut
939 2705 1080 2770 multum

80 2788 188 2858 biennii
203 2793 358 2878 pensione
372 2797 550 2877 reparetur.
582 2794 686 2878 ipsius
701 2797 811 2858 autem
824 2793 982 2878 praetorii
997 2793 1080 2857 situs
1104 2795 1125 2858 2

99 3015 103 3025 1
141 2949 215 3004 lDe
238 2949 376 3004 electione
399 2949 461 3019 agri
483 2950 628 3005 vinearum
651 2952 732 3005 addit
752 2951 792 3005 G³
814 2953 846 3004 iu
864 2951 987 3020 margine
1017 2952 1021 3018 Ι
1051 2950 1093 3003 in⁴

83 3019 159 3072 uineis
176 3022 269 3092 a'acqs
285 3023 289 3090 Ι
306 3020 540 3075 considerandum
559 3025 602 3076 est
620 3025 706 3090 atque
724 3021 872 3076 uitandum
890 3021 921 3074 E
932 3024 941 3089 ll
956 3027 972 3073 3
990 3022 1080 3091 pasti-

84 3091 198 3144 natorum
208 3093 234 3146 G
248 3095 256 3162 ΙΙ
271 3098 286 3146 5
301 3092 408 3146 uitibus
419 3093 474 3147 SE
486 3096 495 3163 ΙΙ
510 3101 525 3147 8
540 3093 625 3147 debet
639 3109 699 3147 esse
709 3095 739 3147 E
751 3097 761 3163 ΙΙ
775 3100 791 3147 9
804 3091 907 3146 montis
920 3092 1019 3163 magni
1028 3095 1059 3147 Ε
1074 3093 1078 3165 l

85 3160 196 3216 exclusus
215 3166 247 3232 81
265 3163 345 3233 algor
364 3163 502 3234 erigescat
520 3165 566 3234 Vll
581 3171 614 3217 10
638 3163 756 3219 remotio
777 3165 871 3234 Qtl13
891 3164 1009 3218 salutati
1030 3165 1080 3236 Qu

87 3233 110 3281 14
125 3232 246 3288 fabricae
264 3251 314 3289 om.
330 3239 378 3360 pd
390 3242 422 3289 16
442 3236 536 3290 exaltu
556 3237 648 3305 QVF,
667 3236 748 3290 halat
768 3236 830 3305 &1ss
846 3241 878 3288 18
899 3235 1012 3290 omnino
1027 3237 1058 3290 Ε
1074 3237 1078 3308 l

87 3299 227 3359 allusero
245 3306 291 3360 vel
309 3308 337 3360 et
381 3306 508 3360 ccidente
523 3325 544 3376 p
562 3310 571 3376 ΙΙ
593 3313 626 3360 22
645 3325 696 3377 pro
715 3306 815 3360 merito
835 3307 897 3376 agri
917 3308 948 3361 Ε
959 3310 968 3375 Ἰ
984 3314 1017 3361 23
1037 3307 1082 3360 in-

89 3370 150 3426 stitui
169 3379 279 3445 oportet
297 3379 327 3430 Ε
342 3379 345 3448 l
362 3380 475 3447 suptum
493 3379 519 3431 V
548 3381 557 3448 ΙΙ
589 3385 623 3431 24
647 3378 747 3432 cadere
766 3379 797 3431 Ε
825 3379 829 3448 Ι
860 3378 1023 3431 extimanda
1042 3380 1054 3430 c‘
1072 3378 1081 3449 ll

89 3445 113 3494 '25
128 3449 166 3500 est
188 3447 247 3501 eius
266 3449 409 3519 EFacps
440 3452 449 3518 ll
482 3455 515 3502 26
539 3452 572 3503 ut
594 3451 722 3505 omittam
744 3449 859 3517 codices,
883 3450 941 3520 [ut]
961 3448 1081 3501 multum

88 3511 168 3572 tabeat
185 3523 290 3590 091127
310 3523 421 3590 reparet
441 3521 465 3589 Q
