2524 3946
195 201 258 265 108
615 199 785 254 PALLADII

194 349 346 432 expertus
369 367 442 411 sum
465 343 581 410 melius
605 345 784 429 prouenire.
825 367 935 410 mense
957 344 1125 410 februario
1149 367 1198 410 seu

192 436 307 521 planta
339 457 395 500 seu
427 456 538 499 semen
570 434 750 518 exponitur.
802 435 945 519 gaudent
981 434 1054 499 loeo
1088 455 1199 512 maere,

192 524 314 608 umido,
331 523 461 609 frigido,
481 523 579 588 etiam
593 521 757 588 sabuloso.
782 544 892 588 mense
906 523 987 588 iulio
1003 523 1089 588 eirea
1102 540 1199 588 nonas

195 613 343 678 anellans
364 617 494 678 matura
517 615 576 676 est.

142 699 185 765 32
263 701 399 766 MYXA.
436 699 532 767 Nune
557 704 709 765 seruntur
727 722 825 784 myxa
844 722 883 765 ex
901 701 1025 765 nucleis
1044 701 1078 765 in
1099 702 1199 785 aliquo
1218 722 1227 762 s

195 813 271 856 uase
295 790 428 876 positis,
452 790 553 854 donee
576 789 707 874 plantae
730 789 868 856 induant
891 789 1094 874 firmitatem,
1120 790 1199 855 eaelo

196 879 317 964 tepide,
330 884 418 944 terra
432 879 550 963 soluta,
567 900 679 943 umore
695 878 871 942 moderato.
895 878 1084 943 inseruntur
1099 899 1200 944 mense

195 970 314 1034 martio
338 967 445 1033 sorbis
467 967 521 1031 uel
545 966 657 1050 spinis.

263 1057 322 1122 DE
344 1054 476 1121 POMIS
490 1054 609 1122 ALIIS
625 1052 829 1119 ALIORVM
847 1053 1065 1120 MENSIVM.
1097 1056 1201 1121 Etiam

195 1167 281 1211 nuno
305 1145 436 1210 tuberes
460 1150 612 1210 seruntur
635 1148 668 1208 et
686 1144 875 1209 inseruntur
895 1148 928 1208 et
948 1166 1022 1209 ossa
1041 1144 1227 1210 duracinoo

195 1257 269 1300 rum
296 1235 350 1299 uel
378 1235 510 1318 plantae
539 1233 684 1298 eiusdem
708 1233 836 1318 generis
859 1237 1025 1317 ponuntur
1050 1238 1084 1297 et
1107 1238 1202 1298 trans-

196 1323 347 1388 feruntur
375 1327 409 1386 et
435 1322 535 1387 inseri
562 1325 709 1406 possunt.
756 1325 789 1385 et
816 1321 974 1406 mespilus
996 1321 1154 1388 inseritur
1175 1326 1202 1386 et

144 1411 186 1475 33
200 1433 275 1477 ossa
299 1414 466 1496 ponuntur
488 1433 674 1496 prunorum.
720 1411 800 1474 fieus
824 1411 924 1475 etiam
946 1410 1027 1476 loeis
1051 1415 1201 1496 tempera·

199 1501 243 1565 tis
267 1522 353 1565 nune
376 1500 454 1585 poni
477 1503 589 1584 potest
611 1503 644 1564 et
666 1500 782 1564 sorbus
805 1498 868 1564 hoo
891 1499 990 1564 etiam
1014 1522 1126 1565 mense
1147 1499 1201 1564 seri

198 1597 232 1654 et
256 1589 423 1674 amygdali
447 1589 571 1654 semina
593 1588 629 1653 in
648 1589 731 1652 areis
752 1589 846 1652 obrui
866 1592 900 1652 et
918 1589 997 1653 loeis
1017 1587 1227 1672 temperatisa

197 1699 283 1743 nune
313 1676 412 1742 inseri
441 1699 551 1743 meuse
579 1677 770 1762 inchoante,
800 1676 928 1762 frigidis
956 1699 1034 1741 uero
1063 1683 1201 1758 exeunte,

198 1767 338 1832 conditis
358 1772 469 1832 tamen
489 1766 635 1848 surculis,
655 1770 829 1849 antequam
843 1767 1035 1851 germinent.
1061 1770 1094 1830 et
1108 1768 1202 1853 pista·

199 1856 267 1922 eiae
290 1856 405 1940 planta
427 1856 481 1920 uel
504 1877 591 1920 nune
614 1855 716 1919 statui
736 1858 792 1919 aut
810 1853 908 1919 inseri
926 1858 1038 1940 potest
1056 1859 1091 1919 et
1111 1861 1202 1920 easta·

196 1966 334 2009 nearum
353 1967 463 2009 semen
483 1944 624 2030 aspergi.
655 1964 753 2008 nuces
774 1965 902 2027 quoque
922 1943 1090 2029 iuglandes
1111 1946 1202 2008 etiam

196 2055 282 2112 nune
307 2033 490 2099 seminariis
513 2033 643 2097 recondi
667 2036 701 2096 et
724 2032 830 2115 ipsum
855 2053 956 2118 genus
979 2032 1080 2098 inseri
1102 2038 1135 2098 et
1154 2033 1229 2097 fri-a

198 2122 283 2209 gidis
308 2127 341 2187 et
363 2122 502 2187 umectis
525 2121 606 2186 loeis
629 2143 715 2185 nune
737 2125 893 2204 poterunt
914 2121 1027 2205 pineta
1047 2121 1201 2187 seminari.

379 2351 439 2416 DE
464 2348 753 2417 EDVOATIONE
778 2349 1029 2417 PORCORVM.

144 2475 255 2541 XXVI
322 2475 418 2542 Nune
451 2498 560 2542 uerres
588 2475 728 2540 maxime
756 2475 894 2540 feminas
921 2474 1003 2540 inire
1035 2475 1202 2540 debebunt.

197 2565 326 2649 legendi
346 2569 422 2630 sunt
441 2566 528 2629 uasti
546 2569 579 2629 et
598 2564 698 2649 ampli
718 2565 863 2649 eorporis
883 2565 938 2629 sed
953 2564 1085 2629 rotundi
1099 2563 1202 2649 potius

271 2780 399 2829 tmaero
422 2792 472 2830 om.
487 2777 514 2830 L
541 2778 550 2845 11
578 2779 593 2827 3
618 2777 647 2828 et
665 2775 755 2828 sabul.
779 2775 810 2828 E
817 2775 923 2843 Gaeps
949 2775 959 2843 ss
985 2780 1002 2827 4
1023 2775 1134 2828 matina
1152 2775 1201 2827 est:

197 2845 267 2901 loeis
286 2848 347 2900 tam
363 2846 464 2900 calidis
479 2865 504 2914 a,
523 2845 592 2900 loeis
606 2847 703 2899 tamen
718 2844 817 2899 calidis
831 2846 894 2899 iant.
910 2847 1016 2915 191115
1034 2845 1161 2899 MYXSA
1175 2843 1201 2912 Q,

198 2918 246 2972 DE
265 2917 372 2972 MYXA
391 2919 422 2972 E
440 2921 444 2985 Ι
465 2915 681 2986 Nune—spinis
701 2934 750 2972 om.
762 2917 804 2985 pl
825 2933 923 2985 myxsa
943 2916 966 2985 Q
986 2919 990 2980 Ι
1010 2915 1137 2970 nueuleis
1155 2913 1199 2984 Li

199 2989 323 3058 aliquam
340 2989 414 3113 ng
434 2989 516 3044 sorbo
530 2990 564 3058 ip
578 2994 594 3041 9
613 2988 661 3040 DE
676 2987 878 3041 TVBERIBVS
893 2988 924 3041 E
938 2988 942 3058 Ι
958 2987 1051 3040 ALIIS
1069 3004 1119 3042 om.
1133 2989 1183 3040 iac
1194 2983 1202 3054 11

200 3065 231 3113 11
252 3059 276 3112 si
293 3062 424 3114 transt
450 3063 459 3130 ll
488 3059 678 3140 minueretur
699 3060 823 3129 Giaeps
850 3061 859 3128 ΙΙ
887 3065 920 3112 13
939 3059 1078 3127 ponentur
1096 3077 1126 3139 “r
1144 3057 1200 3111 irael.

198 3147 274 3256 31νί
284 3132 432 3272 ltili
452 3130 786 3273 1311111111
804 3127 1202 3272 111111111111311

201 3277 233 3326 18
258 3276 287 3325 et
309 3275 342 3325 ut
364 3279 432 3328 east.
456 3275 487 3327 E
511 3276 521 3343 l!
547 3279 580 3326 19
605 3289 699 3325 semen
721 3289 771 3326 om.
791 3272 951 3341 PLQTG,
974 3273 1006 3325 ire
1028 3272 1149 3342 marpissa
1173 3267 1200 3333 V,

200 3341 307 3396 semina
334 3343 469 3414 Sanps
492 3347 495 3413 Ι
517 3342 629 3412 aspergi
648 3343 711 3407 VG,
732 3342 812 3412 aspgi
832 3342 957 3411 PLQT,
982 3342 1077 3412 spargi
1095 3338 1199 3418 Erpa]

199 3412 353 3486 iugulande
377 3414 407 3465 E
435 3416 438 3482 Ι
468 3417 497 3467 et
516 3431 569 3482 pro
592 3412 679 3466 etiam
702 3415 713 3466 r'
740 3415 743 3481 Ι
777 3419 810 3467 20
834 3417 862 3467 et
889 3413 982 3466 isum
1008 3429 1097 3483 genus
1123 3411 1201 3465 insen

200 3500 249 3537 om.
262 3501 291 3552 p,
313 3483 342 3536 et
360 3481 451 3551 ipsam
469 3483 557 3538 inseri
575 3484 605 3553 11
622 3483 686 3553 frig.
705 3500 740 3537 ue
771 3433 956 3539 LSVFlG
969 3487 978 3555 ss
993 3490 1024 3537 21
1045 3483 1141 3554 spinae
1154 3495 1201 3551 pro

200 3553 298 3622 pineta
316 3553 347 3604 Ε
358 3554 368 3620 ΙΙ
382 3558 415 3604 23
435 3554 540 3607 debent
557 3554 588 3605 Ε
