2518 3938
142 193 208 260 246
564 190 734 246 PALLADII

142 341 238 426 plena
270 344 336 420 est,
373 339 446 404 loco
478 338 633 402 umbroso
666 335 815 402 scrobem
846 334 949 400 fodies
983 335 1162 401 altitudine

141 428 241 494 trium
265 428 393 512 pedum,
416 426 589 491 latitudine
608 426 747 490 duorum
766 429 799 489 et
822 424 934 488 mittes
955 425 1162 510 sabulonem,

141 521 175 582 et
198 515 245 581 ibi
273 517 416 582 calamos
443 516 539 602 figes,
568 515 602 578 in
635 513 753 598 quibus
786 513 991 597 retorquebis
1023 514 1161 579 adsidue

142 609 307 671 sarmenta
329 605 491 670 fructibus
519 603 615 689 plena
642 607 676 667 et
703 602 835 666 inlaesis
858 600 1077 686 botryonibus
1103 604 1160 667 ad-

141 695 272 782 ligabis,
290 698 327 758 ut
341 693 448 758 solum
460 715 528 758 non
542 690 744 778 contingant,
758 695 791 755 et
806 691 981 775 cooperies,
996 695 1034 755 ut
1048 690 1157 756 imber
1190 715 1201 754 ⁵

97 787 180 850 ⁸200
211 787 383 868 penetrare
417 804 484 846 non
512 781 629 865 possit
680 780 762 844 item
793 777 925 843 Graecis
961 780 1158 845 docentibus

140 894 221 938 uuas
245 871 298 937 uel
321 893 418 956 poma
441 870 476 934 in
498 872 646 934 niteant
670 869 785 933 arbore
814 868 919 932 sidio
945 890 1076 934 seruare
1102 893 1159 934 uo-

140 961 250 1044 lueris
273 959 416 1025 uasculis
440 958 551 1024 clausa
572 957 732 1023 fictilibus
752 959 794 1022 ab
812 957 880 1021 ima
897 961 991 1041 perte
1009 960 1157 1042 pertusio

140 1050 315 1136 diligenter
338 1071 358 1114 e
380 1069 507 1112 summo
531 1051 619 1112 tecte
637 1046 806 1130 suspende,
830 1047 980 1130 quamuis
1004 1070 1106 1130 poma
1125 1053 1159 1112 et

142 1159 247 1224 gypso
271 1143 424 1223 cooperta
446 1138 481 1201 in
504 1137 637 1221 longam
661 1140 832 1200 seruentur
855 1138 1006 1199 aetatem.
1176 1162 1202 1199 ιο

141 1351 200 1418 DE
226 1349 448 1418 GREGIBVS
472 1350 625 1416 OVILLI
653 1349 848 1416 GENERIS
878 1350 935 1415 ET
964 1347 1162 1416 OAPRINI.

87 1476 168 1542 Xlll
240 1475 311 1542 Hoc
343 1497 452 1541 mense
480 1497 639 1561 agnorum
667 1477 774 1560 prima
801 1476 969 1560 generatio
993 1479 1053 1540 est.
1103 1477 1162 1541 sed

140 1585 244 1651 agnus
274 1566 388 1630 statim
421 1569 519 1630 natus
553 1565 708 1630 uberibus
744 1565 900 1628 maternis
931 1565 1157 1630 admouendus

139 1657 190 1718 est
206 1675 311 1720 manu.
337 1655 427 1738 prius
446 1659 557 1720 temen
575 1655 728 1740 exiguum
746 1652 853 1737 lactis,
875 1655 911 1718 in
930 1675 994 1737 quo
1014 1654 1155 1737 spissior

139 1746 190 1808 cst
213 1749 341 1828 nature,
362 1743 589 1828 mulgendum,
612 1743 699 1827 quod
721 1746 870 1827 pastores
893 1742 1072 1806 colostram
1096 1765 1198 1809 uo·1s

140 1838 227 1897 cant:
249 1854 389 1917 namque
412 1832 475 1897 boc
498 1832 607 1917 agnis,
628 1832 692 1897 nisi
716 1831 896 1915 auferatur,
926 1831 1068 1896 nocebit.
1118 1854 1157 1897 ac

140 1921 246 2005 primo
269 1941 327 2005 per
350 1919 485 1985 biduum
507 1925 604 1986 natus
628 1942 702 1985 cum
726 1925 829 1985 matre
853 1919 1032 1986 claudatur.
1073 1924 1157 1986 tune

140 2009 242 2094 septis
266 2009 413 2076 obscuris
437 2015 587 2075 seruetur
609 2015 643 2074 et
665 2009 792 2074 calidis:
815 2009 864 2075 ite
887 2010 1014 2075 secluso
1037 2031 1156 2094 paruu-

96 2099 247 2165 2lorum
270 2120 369 2185 grege
392 2098 545 2164 matrices
573 2099 747 2164 mittantur
774 2098 809 2163 in
835 2121 965 2183 pascua.
1012 2097 1156 2164 sufficiet

140 2192 263 2272 autem,
296 2189 487 2271 priusquam
513 2189 691 2272 procedant
723 2191 845 2252 matres
881 2209 974 2252 mane
1010 2191 1043 2250 et
1078 2209 1155 2252 cum
1173 2214 1201 2252 ao

141 2280 270 2342 saturae
298 2279 507 2341 reuertuntur
534 2277 575 2341 ad
606 2299 790 2361 uesperam,
820 2275 914 2361 agnis
945 2276 1048 2340 ubera
1075 2275 1155 2340 hau·

140 2363 253 2430 rienda
274 2364 474 2449 permittere.
521 2366 577 2450 qui
601 2365 703 2431 donec
726 2366 909 2450 firmentur,
932 2364 1020 2429 intra
1044 2365 1156 2430 stabu-

140 2453 209 2518 lum
236 2453 417 2518 furluribus
444 2455 497 2519 uel
525 2454 650 2520 medica
679 2455 781 2519 herba
813 2455 879 2537 uel,
911 2453 939 2517 si
968 2458 1020 2518 est
1048 2453 1153 2538 copia,

140 2540 246 2606 farina
279 2541 394 2606 hordei
428 2548 605 2626 pascentur
641 2542 784 2629 ingesta,
822 2543 923 2608 donec
956 2546 1156 2626 conceptum

212 2697 337 2753 amittis
355 2708 570 2782 oormtpruetcr
589 2701 668 2770 6113
687 2698 750 2769 figis
768 2716 859 2755 omnes
873 2699 1030 2780 prosim}
1046 2702 1050 2767 1
1067 2701 1156 2753 retor-

141 2769 460 2923 cnercele
473 2775 511 2912 1
517 2770 1141 2923 lesnaedenan
1151 2771 1160 2941 1

142 2911 188 2966 uel
206 2931 236 2966 ιιι
255 2913 354 2968 arbore
371 2914 396 2966 T
407 2915 446 2983 118
465 2912 600 2968 fiotrhbus
620 2913 716 2968 clausa
730 2914 761 2966 E
773 2917 777 2984 1
796 2919 812 2966 9
832 2929 944 2966 assumo
958 2912 986 2966 P
1000 2913 1004 2983 1
1020 2914 1095 2966 tecto
1113 2914 1161 2984 Vp
1241 2931 1244 2938 ·

41 3041 44 3048 ‚
143 2989 175 3036 11
200 2983 297 3064 OUllrI
318 2985 390 3052 GE,
414 2983 484 3039 ouili
502 2985 547 3065 ll
576 2984 624 3038 ET
643 2983 756 3038 Pasce
809 2982 979 3038 IORDINE
1003 2985 1083 3038 addit
1100 2984 1134 3038 E
1151 2987 1161 3056 11

143 3059 176 3107 13
200 3055 329 3109 mambus
382 3058 550 3111 omatcmrs
571 3056 597 3110 G
627 3058 631 3125 1
660 3056 853 3110 admouendus
879 3058 929 3108 est.
956 3071 1043 3108 menn
1066 3071 1160 3113 omues

138 3131 248 3195 prodor
268 3125 311 3180 Ga
337 3126 341 3199 1
375 3127 502 3182 relatus
522 3127 576 3196 01
595 3133 627 3181 15
647 3127 830 3196 mulgendum
848 3129 892 3180 est
910 3143 959 3196 cys
979 3128 983 3196 1
1005 3125 1160 3182 colostrum

142 3196 198 3251 SE
210 3197 219 3265 11
234 3200 267 3249 16
281 3196 352 3251 haee
365 3199 378 3250 i
393 3199 397 3269 1
413 3197 547 3253 offeratur
557 3199 591 3267 Ρ,
607 3198 770 3253 auferantur
782 3199 807 3253 T
819 3201 828 3268 11
843 3203 876 3256 18
891 3195 1099 3252 obscurioribus
1112 3199 1142 3253 G

143 3268 270 3320 seruetur
287 3267 318 3318 in
337 3267 437 3322 calidis
455 3271 482 3323 L
512 3271 516 3339 1
545 3268 650 3337 itemp
679 3272 684 3337 1
714 3270 772 3324 sole
791 3269 887 3323 clauso
902 3285 955 3337 pro
979 3267 1086 3324 secluso
1108 3270 1138 3324 G

144 3343 176 3389 19
195 3338 299 3390 matres
318 3336 371 3404 Ep
387 3339 390 3407 1
413 3342 559 3392 mutantur
579 3341 613 3407 G,
632 3355 682 3392 om.
702 3340 733 3393 Ε
759 3343 768 3410 11
796 3346 830 3393 20
848 3338 980 3394 matrices
999 3341 1133 3396 editiones

144 3412 176 3457 21
196 3407 372 3460 reuertentur
390 3408 421 3460 E
445 3412 455 3477 11
483 3416 516 3461 22
535 3409 699 3478 permittent
713 3412 744 3464 E
766 3415 769 3479 1
794 3410 824 3463 in
841 3413 916 3464 terra
931 3427 985 3479 pro
1010 3410 1086 3464 intra
1104 3413 1139 3466 Ε

144 3480 178 3527 23
198 3476 222 3528 ai
240 3475 348 3528 farinae
366 3476 465 3554 bordei
484 3482 526 3532 est
544 3479 626 3548 eopia
640 3497 662 3548 p
680 3482 689 3548 11
709 3486 743 3533 24
761 3481 792 3534 in
810 3483 887 3535 tecta
903 3498 956 3549 pro
974 3481 1086 3550 ingesta
1104 3483 1160 3556 Ε1

146 3548 281 3613 concepto
299 3545 442 3613 peulrsper
460 3548 559 3602 robore
576 3567 598 3617 s,
617 3549 700 3604 robor
723 3551 750 3604 V
