2556 3942
446 230 567 286 AGRIO.
581 231 607 285 II
622 237 727 285 13-14
1048 231 1092 296 59

76 376 301 462 post’calcatu
320 377 454 442 adsiduo
474 382 562 442 terra
581 378 698 442 effossa
718 377 883 443 solidetur.
914 378 943 442 si
958 399 1092 462 campus

77 470 143 548 est,
171 467 298 531 duobus
323 467 580 551 semispedibus
607 466 805 550 pastinetur,
834 466 861 530 si
890 467 1008 550 clivus,
1036 466 1094 530 tri-

76 557 152 635 bus,
190 555 283 620 collis
309 561 505 640 praeruptus
534 559 703 640 quattuor,
730 577 771 619 ne
800 556 898 619 citius
926 561 1014 619 terra
1042 556 1094 620 de-

76 649 201 726 currat,
233 644 330 709 uallis
358 644 484 708 duobus
513 645 658 728 pedibus.
705 645 760 709 sed
789 665 867 729 ager
899 643 1093 729 uliginosus,

51 733 134 816 equi
156 754 287 798 umores
311 734 410 797 altius
430 732 537 798 fossus
558 737 686 798 eructat
705 733 791 798 sicut
809 733 998 797 rauennatis
1022 734 1093 815 soii,

73 843 141 886 non
172 822 312 905 amplius
346 843 444 906 qnam
472 823 507 886 in
533 823 649 906 pedem
677 822 775 886 semis
805 821 966 886 effoditur.
1010 821 1137 887 illud8

74 911 310 994 experimentis
338 910 481 976 adsiduis
511 910 743 995 conprehendi,
771 910 857 975 uites
881 911 997 975 melius
1021 933 1094 995 pro-

72 999 199 1080 uenire,
223 999 250 1063 si
274 1000 327 1064 uel
352 999 466 1064 statim
490 999 597 1064 fossae
617 1003 723 1064 terrae
743 999 795 1062 uel
814 1021 880 1064 non
899 1000 997 1085 longe
1017 1004 1092 1065 ante

71 1092 277 1174 pangentur,
308 1104 381 1153 cum
409 1092 520 1152 tumor
542 1089 665 1172 pastini
687 1089 832 1153 nondum
856 1090 995 1172 repetita
1019 1089 1094 1154 soli·

39 1204 61 1241 ιο
73 1178 182 1241 ditate
201 1177 356 1242 subsedit.
388 1177 452 1242 hoo
470 1198 599 1262 quoque
618 1178 653 1241 in
671 1176 827 1242 faciendis
846 1177 945 1243 sulcis
961 1180 995 1241 et
1008 1199 1094 1242 scro-

72 1267 175 1330 bibus
200 1264 392 1350 adprobaui,
415 1266 555 1330 maxime
579 1266 635 1330 ubi
659 1266 832 1330 mediocris
856 1270 906 1330 est
930 1270 1025 1330 terra.

459 1497 519 1561 DE
544 1494 714 1562 HORTIS.

143 1620 258 1686 Mense
288 1622 434 1687 ianuario
463 1622 591 1686 lactuca
619 1621 755 1685 serenda
783 1625 833 1685 est
862 1621 914 1686 uel
936 1621 1001 1698 ¹de·
1046 1619 1147 1685 XIIII

73 1711 210 1794 cembri,
229 1714 267 1774 ut
285 1711 398 1795 planta
417 1711 485 1775 eius
505 1710 671 1775 februario
690 1709 914 1774 transferatur.
948 1711 1093 1794 itemque

38 1825 59 1864 15
72 1799 242 1864 februario
272 1800 404 1882 seritur,
435 1804 474 1864 ut
502 1799 608 1884 possit
640 1799 736 1884 aprili
769 1821 878 1863 mense
911 1799 1092 1864 transferri.

74 1888 131 1952 sed
157 1893 283 1952 certum
307 1893 358 1952 est
382 1911 454 1953 eam
477 1892 550 1953 toto
574 1909 659 1953 anno
683 1889 764 1953 bene
789 1888 862 1972 seri,
887 1887 914 1952 si
938 1888 1029 1952 locus
1048 1888 1093 1952 sit

73 1977 192 2060 laetus,
216 1981 426 2061 stercoratus,
449 1977 608 2063 inriguus.
647 1981 821 2061 antequam
845 1980 1017 2062 pangatur,
1040 1999 1093 2040 ra-

72 2066 162 2131 dices
188 2065 257 2129 eius
281 2086 462 2130 resecemus
487 2066 666 2150 aequaliter
694 2070 727 2131 et
754 2065 878 2149 liquido
907 2066 985 2130 fimo
1009 2066 1092 2129 lina-

74 2177 164 2219 mus:
193 2154 246 2217 uel
276 2175 359 2238 quae
388 2154 454 2218 iam
480 2159 618 2239 panetae
648 2159 736 2238 sunt,
764 2155 904 2219 nudatae
930 2154 1093 2218 laetamen

36 2269 61 2306 so
75 2243 246 2326 accipiant.
292 2246 404 2306 amant
428 2243 534 2308 solum
558 2245 743 2328 subactum,
771 2245 907 2329 pingue,
935 2243 1090 2324 umidum,
1115 2244 1136 2308 2

75 2337 304 2397 stercoratum.
341 2333 428 2396 inter
450 2333 510 2396 has
529 2332 632 2396 herba
651 2353 749 2396 manu
768 2337 819 2396 est
838 2332 1006 2396 euellenda
1024 2353 1091 2396 non

74 2421 213 2486 sarculo.
252 2421 352 2485 latior
370 2422 417 2505 fit,
437 2422 464 2486 si
484 2443 558 2486 rara
577 2427 718 2505 ponatur
740 2422 802 2501 uel,
823 2443 896 2486 oum
914 2422 1091 2505 producere

74 2508 211 2593 incipiet
235 2511 371 2594 caulem,
395 2532 432 2574 eo
456 2510 573 2575 leuiter
596 2511 698 2574 inciso
723 2509 819 2596 gleba
842 2513 1009 2593 prematur
1033 2513 1090 2574 aut

150 2739 275 2790 lterrae
294 2737 371 2791 fossa
390 2738 484 2791 PLV
508 2739 517 2805 I
544 2743 559 2790 2
582 2736 713 2807 passibus
732 2737 763 2790 Ε
787 2738 790 2807 Ι
816 2735 901 2817 Siglis
925 2735 1015 2790 tribus
1034 2737 1065 2789 Ε

74 2813 92 2860 3
112 2807 311 2877 ne—pedibus
331 2825 381 2862 om.
394 2826 415 2878 p
429 2811 468 2878 114
487 2807 571 2862 uallis
590 2807 636 2861 uel
651 2809 775 2877 VSEF,
794 2807 877 2861 vallrs
895 2824 960 2861 vero
974 2809 1068 2876 iacps

75 2883 92 2930 5
113 2877 240 2932 humores
260 2895 325 2932 suos
345 2879 432 2932 altius
451 2880 499 2948 ΕΙ
515 2878 662 2932 ravennati
681 2880 712 2932 E
727 2881 736 2948 [Ι
756 2886 771 2933 6
790 2895 847 2932 non
864 2877 895 2932 in
914 2877 1033 2948 amplius
1052 2879 1064 2930 ι’
1085 2877 1088 2949 y

75 2965 163 3017 qnam
184 2951 293 3020 pedep
323 2951 327 3021 Ι
358 2949 508 3005 effodiatur
530 2951 709 3020 E¹Giocps
735 2953 745 3021 ΙΙ
776 2957 791 3004 7
815 2949 915 3003 melius
938 2949 1011 3002 uites
1035 2949 1066 3002 E
1082 2948 1091 3020 Η

75 3025 93 3072 8
114 3022 203 3075 terrae
217 3023 310 3076 οιηΕ
324 3025 328 3091 1
344 3039 401 3076 non
419 3023 558 3092 omQtlt)
577 3020 668 3091 petita
686 3023 735 3092 ΕΗ
750 3028 784 3075 10
798 3021 869 3075 haec
882 3019 1089 3092 TGFiacpst

76 3089 163 3144 sulcis
181 3109 264 3162 emp
287 3096 296 3163 11
322 3099 354 3147 12
373 3093 414 3146 IN
432 3093 541 3147 Hortis:
561 3092 591 3145 in
610 3109 643 3146 eo
663 3093 698 3146 de
717 3093 829 3147 lactuca
847 3091 987 3145 nasturtio
1007 3108 1091 3145 eruca

76 3161 205 3217 caulibus
225 3163 293 3218 allio
313 3164 336 3217 dc
354 3163 449 3234 ulpioo
468 3166 491 3232 i,
510 3164 552 3217 De
570 3164 674 3232 hortis,
693 3162 723 3217 in
743 3181 775 3218 eo
794 3171 839 3218 etc.
856 3180 887 3230 a,
906 3162 936 3215 in
955 3179 988 3216 eo
1007 3180 1057 3217 om.
1077 3180 1092 3217 e

76 3238 166 3287 cetera
179 3237 282 3305 presb,
302 3235 351 3288 DE
369 3234 537 3289 LACTVOA
555 3236 586 3288 Ε
607 3238 615 3305 ΙΙ
645 3241 678 3289 14
696 3235 767 3289 Item
785 3235 816 3288 Ε
839 3237 848 3303 ΙΙ
872 3239 904 3287 15
923 3233 1019 3303 posint
1037 3236 1064 3288 L
1083 3234 1092 3305 >l

78 3308 115 3355 16
137 3319 167 3357 ca
183 3307 209 3360 L
225 3308 228 3370 Ι
245 3306 270 3359 si
289 3306 380 3376 omQ
402 3309 411 3376 ΙΙ
436 3312 468 3360 17
488 3309 650 3376 pangentur
668 3307 695 3360 V
714 3308 723 3376 ΙΙ
748 3313 781 3360 18
799 3304 941 3374 lingamur
955 3324 990 3375 p,
1009 3305 1092 3358 linia-

76 3391 144 3426 mus
161 3376 214 3444 Εί,
233 3377 243 3430 i
262 3385 326 3432 ante
347 3394 364 3430 a
382 3377 494 3433 erasG
517 3380 526 3448 ΙΙ
550 3384 583 3432 19
602 3377 649 3431 uel
668 3394 717 3432 om.
730 3396 764 3446 p,
783 3377 876 3430 iactr
900 3379 904 3445 1
933 3378 1038 3447 pantae
1060 3377 1090 3444 Q,

76 3447 179 3513 pactae
197 3448 353 3520 SEchc,
395 3451 459 3502 acta
479 3449 506 3503 G
527 3451 537 3518 ΙΙ
560 3454 594 3502 20
618 3447 761 3517 accipiunt
779 3448 810 3500 Ε
830 3449 839 3515 Η
863 3453 895 3499 21
915 3446 1016 3499 herbas
1038 3445 1088 3516 G}

77 3513 209 3596 uelIenda
228 3521 297 3588 GE,
322 3468 470 3573 eueiienda
489 3522 532 3573 est
550 3521 642 3589 r'aeps
669 3523 677 3588 14
706 3525 737 3571 22
759 3534 823 3570 cum
841 3518 932 3587 oraQ
958 3519 967 3585 ΙΙ
995 3521 1028 3567 23
1047 3515 1091 3567 in-

76 3590 169 3655 crprat
187 3590 219 3659 G,
238 3608 288 3645 om.
301 3609 323 3660 p
338 3593 343 3663 Ι
359 3589 461 3644 leniter
474 3609 497 3660 p
513 3593 517 3660 Ι
532 3589 623 3644 incisa
641 3591 690 3659 ΕΙ
705 3590 828 3658 ponatur
841 3605 865 3656 p
