2518 3938
167 177 234 244 236
592 175 760 230 PALLADH

169 323 356 410 contigerit,
379 324 541 409 agendum
563 323 654 408 prius
676 325 749 387 toto
772 319 897 385 arboris
922 340 1058 402 corpore
1076 319 1115 383 ab
1132 319 1172 382 in·

169 411 288 478 feriore
311 417 404 497 parto
427 415 578 498 purgato,
601 415 639 477 ut
658 410 837 476 altidudine
860 407 1051 474 animalium
1073 430 1172 492 super·

168 521 283 587 gressa
300 502 417 567 modus
435 501 685 566 transcendatur
702 499 840 566 iniuriae
859 501 893 563 et
912 498 1008 563 arbos
1025 497 1094 561 iam
1112 519 1172 581 spa

168 590 216 654 tio
241 611 300 656 suo
324 595 397 655 tuta
421 594 582 658 euruetur.

169 837 228 904 DE
245 835 449 906 OLIVETIS
468 835 691 904 PONENDIS
710 837 767 902 ΕΤ
782 832 1005 902 CVRANDIS
1019 833 1171 900 rasilis
1191 854 1200 894 s

544 941 808 1009 ARBORIBVS.

130 1067 161 1136 V
236 1068 332 1136 Nune
356 1069 455 1134 etiam
478 1069 561 1136 locis
584 1068 697 1133 calidis
726 1090 764 1134 ac
788 1068 881 1133 siccis
910 1067 1101 1153 regionibus
1123 1066 1172 1132 oli-

170 1163 247 1224 ueta
269 1163 444 1244 ponuntur,
468 1158 553 1224 sieut
575 1157 740 1222 februario
763 1156 965 1241 disputatum
989 1161 1049 1222 est.
1096 1159 1173 1222 amat

169 1246 249 1314 haee
274 1249 370 1313 arbos
391 1248 491 1313 arduo
515 1248 662 1312 locorum
686 1247 752 1311 situ
775 1246 982 1311 mediocriter
1002 1246 1044 1310 ab
1070 1267 1171 1311 umore

170 1335 334 1422 suspendi,
358 1337 460 1420 scalpi
482 1336 629 1419 adsidue,
651 1334 837 1401 laetaminis
860 1336 1010 1400 ubertate
1032 1335 1172 1421 pingues·
1183 1352 1201 1391 ιο

171 1447 255 1510 cere,
282 1424 445 1491 feracibus
478 1425 586 1490 uentis
613 1424 800 1510 frequenter
823 1423 951 1510 agitari.
996 1423 1060 1489 hoc
1083 1423 1172 1490 etiam

170 1535 280 1578 mense
304 1514 385 1579 oleis
408 1514 589 1597 sterilibus,
613 1535 695 1598 quac
718 1514 905 1598 supradicta
928 1517 1018 1596 sunt,
1041 1511 1173 1579 remedia

170 1601 336 1668 faciemus.
368 1624 454 1668 nune
473 1607 507 1668 et
526 1603 640 1669 corbes
665 1606 698 1666 et
721 1600 789 1687 pali
808 1606 841 1667 et
864 1602 984 1666 ridicae
1007 1601 1089 1668 bene
1111 1602 1172 1666 fieri

169 1695 315 1777 possunt.
354 1691 452 1756 etiam
475 1714 561 1757 nunc
585 1691 667 1757 locis
691 1692 882 1774 temperatis
907 1695 957 1755 est
978 1690 1100 1756 laurini
1117 1689 1170 1754 olei

170 1781 258 1848 iusta
282 1780 451 1846 confectio.
1183 1795 1201 1835 1⁵

548 1956 608 2022 DE
632 1955 805 2023 HOR'llS.

117 2083 164 2149 VI
240 2083 311 2148 Hoc
335 2106 445 2148 mense
475 2083 588 2148 allium
615 2084 697 2147 bene
725 2083 846 2147 seritur
868 2085 901 2146 ct
928 2082 1074 2167 ulpicum
1096 2086 1172 2145 terra

169 2172 309 2237 maxime
338 2172 412 2236 alba
440 2171 529 2237 fossa
556 2176 589 2237 et
617 2173 753 2237 subacta
781 2171 849 2236 sine
878 2174 1029 2236 stercore.
1075 2170 1171 2235 sulcos

170 2261 205 2326 in
237 2261 321 2327 areis
353 2261 452 2326 facies
486 2264 519 2326 et
551 2260 676 2326 semina
703 2261 738 2324 in
767 2260 848 2325 locis
877 2259 1049 2325 altioribus
1081 2279 1171 2344 pones

170 2355 326 2435 quattuor
349 2349 461 2435 digitis
485 2354 637 2433 separata
658 2371 764 2434 neque
789 2349 887 2414 altius
910 2371 1031 2435 pressa
1078 2367 1201 2412 sareu-2⁰

169 2439 254 2504 labis
287 2438 488 2523 frequenter,
519 2438 594 2504 inde
626 2439 701 2523 plus
735 2442 890 2504 crescent.
941 2439 970 2502 si
1002 2438 1170 2522 capitatum

170 2527 275 2592 facere
299 2527 452 2611 uolueris,
475 2528 532 2592 ubi
556 2528 700 2613 coeperit
725 2527 826 2592 caulis
850 2527 994 2611 prodire,
1016 2526 1170 2611 proculca:

170 2614 218 2680 ita
242 2637 338 2680 sucus
361 2620 543 2681 reuertatur
575 2618 615 2682 ad
646 2617 761 2700 spicas.
807 2615 925 2700 fertur,
956 2616 984 2681 si
1014 2616 1090 2680 luna
1118 2613 1169 2678 sub

170 2703 267 2770 terris
290 2705 399 2791 posita
423 2710 550 2770 seratur
573 2710 607 2770 et
634 2705 715 2770 item
743 2705 804 2770 sub
832 2703 930 2770 terris
958 2705 1036 2769 luna
1059 2705 1169 2769 latente

170 2794 324 2878 uallatur,
354 2792 464 2858 odoris
492 2793 649 2859 foeditate
674 2794 862 2859 cariturum.
905 2795 958 2858 uel
981 2793 1083 2877 paleis
1106 2812 1168 2857 oon·
1182 2808 1200 2848 2⁵

170 2884 240 2949 dita
267 2884 345 2948 allia
372 2883 425 2948 uel
453 2882 543 2948 fumo
572 2905 730 2967 suspensa
753 2883 925 2948 durabunt.
972 2904 1058 2947 nuno
1081 2885 1112 2947 et
1132 2901 1170 2945 ce

241 3116 256 3162 3
277 3111 359 3164 arbos
378 3112 436 3166 PL
445 3111 515 3178 VF,
540 3110 622 3164 arbos
641 3109 671 3163 in
690 3110 813 3180 spatioso
832 3113 896 3165 tuta
916 3111 954 3178 G,
977 3111 1061 3165 arbor
1078 3105 1171 3231 compl

169 3187 186 3234 4
206 3183 318 3234 curetur
337 3182 462 3253 Ftocqs
475 3183 514 3252 116
534 3184 563 3235 et
581 3181 697 3250 reliquis
717 3183 825 3237 adducat
843 3184 898 3236 iac
910 3183 950 3251 119
971 3181 1054 3236 arbos
1068 3180 1150 3235 PLG

174 3252 244 3318 VF,
255 3251 338 3331 arbor
347 3255 426 3306 ceteri
437 3254 441 3324 1
453 3251 587 3332 mediocri
597 3254 628 3306 E
634 3253 644 3324 11
659 3257 690 3305 11
703 3253 854 3307 clementer
863 3254 890 3307 L
900 3253 1000 3308 VGS’
1009 3248 1170 3375 TFiacppll

171 3327 203 3374 12
222 3321 364 3376 feracibus
379 3339 432 3389 pro
450 3322 594 3376 sterilrbus
609 3340 631 3391 p
645 3328 654 3390 11
674 3330 706 3376 13
726 3325 838 3378 scorbes
856 3325 888 3377 E
908 3325 912 3396 1
935 3323 1031 3378 radice
1050 3323 1138 3378 PLE
1164 3362 1170 3386 ,

169 3392 279 3445 radices
302 3393 369 3458 VT,
388 3392 500 3446 redioae
519 3393 551 3461 S,
570 3393 701 3447 raedicae
721 3395 759 3462 G,
779 3397 808 3448 et
825 3394 933 3448 ridicae
952 3413 1002 3450 om.
1019 3413 1041 3465 p
1062 3398 1072 3466 11
1101 3400 1131 3448 17
1147 3392 1171 3445 et

170 3461 295 3541 ulpicum
309 3478 358 3515 om.
374 3477 397 3528 p
417 3463 426 3530 11
448 3469 480 3516 18
500 3463 560 3516 sine
579 3481 630 3518 om.
651 3465 677 3518 G
697 3467 706 3533 11
727 3471 760 3518 22
781 3465 924 3537 coeperint
946 3466 973 3519 V
990 3468 995 3538 1
1016 3467 1108 3520 caules
1130 3461 1170 3528 V’,

171 3531 241 3582 culrs
261 3532 308 3600 F}
324 3530 468 3598 prosulcas
489 3534 514 3585 G
535 3537 544 3602 11
565 3541 597 3587 23
618 3535 660 3587 ita
678 3552 728 3589 om.
748 3537 840 3607 iacya
855 3541 859 3606 1
876 3553 956 3591 sucos
980 3539 1016 3605 V,
1043 3531 1172 3591 sulcusll
