2556 3942
146 138 191 201 46
568 137 740 192 PALLADE

147 283 280 348 futurus
305 286 371 366 est,
398 283 472 348 loco
501 283 542 346 ab
570 303 683 348 umore
711 303 882 367 suspenso,
908 305 949 348 ne
971 284 1063 370 uligo
1087 307 1165 350 eum

147 371 335 438 fornacibus
354 371 463 437 uicina
477 371 655 457 refrigeret.
686 373 811 436 lumina
824 371 855 437 ei
869 371 1018 438 dabimus
1033 396 1053 437 a
1065 380 1164 457 parte

149 461 328 527 meridiana
345 464 379 525 et
398 459 575 526 occidentis
593 461 732 545 hiberni,
755 465 793 525 ut
811 463 883 526 tota
902 461 953 526 die
973 462 1052 526 solis
1070 461 1164 528 iuue-

104 550 125 614 2
149 554 204 614 tur
228 553 261 614 et
284 549 477 615 inlustretur
495 554 639 632 aspectu.
675 570 888 632 suspensuras
906 571 984 615 uero
1004 550 1165 616 cellarum

149 639 195 703 sic
218 638 326 704 facies.
367 659 475 702 aream
497 639 604 722 primo
628 638 756 722 bipedis
780 637 911 703 sternis:
935 639 1092 704 inclinata
1116 641 1164 705 sit
1197 666 1213 705 a

148 732 258 793 tamen
276 731 420 792 stratura
438 726 479 790 ad
499 726 673 810 fornacem,
691 731 739 809 ut,
758 727 786 790 si
800 726 902 810 pilam
916 727 1052 810 miseris,
1070 728 1164 793 intro

148 821 236 881 stare
254 838 321 881 non
338 816 453 900 possit,
472 816 528 879 sed
548 817 588 880 ad
603 815 770 880 fornacem
784 819 937 880 recurrat.
962 816 1008 881 sic
1023 817 1165 901 eueniet,

147 910 186 970 ut
212 905 343 970 flamma
371 905 475 969 altum
503 905 642 988 petendo
677 905 775 970 cellas
807 903 908 970 faciat
939 905 1013 988 plus
1046 905 1165 970 calere.

148 1016 247 1078 supra
269 993 354 1059 hanc
378 998 557 1058 straturam
579 993 665 1077 pilae
688 993 855 1058 laterculis
880 993 997 1078 argilla
1022 995 1166 1060 subacta

147 1087 180 1148 et
203 1083 321 1167 capillo
346 1086 552 1147 constructae
569 1082 652 1147 fiant
671 1082 830 1146 distantes
850 1104 869 1145 a
888 1104 922 1147 se
942 1083 1048 1166 spatio
1066 1083 1164 1166 pedis
1180 1110 1210 1149 ιο

146 1173 242 1236 unius
271 1176 305 1236 et
332 1171 493 1256 semissis,
520 1171 606 1236 altae
633 1171 769 1254 pedibus
798 1171 884 1236 binis
908 1171 1015 1236 semia
1061 1194 1164 1254 super

145 1261 205 1326 has
227 1259 311 1344 pilas
334 1261 472 1344 bipedae
497 1261 740 1325 constituantur
762 1259 858 1324 binae
877 1261 912 1324 in
935 1260 1038 1324 altum
1058 1264 1162 1344 atque

145 1349 198 1415 his
229 1349 506 1434 superfundantur
538 1354 682 1414 testacea
713 1349 902 1432 pauimenta
938 1353 971 1412 et
1002 1353 1095 1432 tune,
1131 1350 1162 1414 si

101 1440 121 1504 3
145 1439 239 1522 copia
258 1442 317 1522 est,
336 1459 500 1502 marmora
513 1438 734 1502 conlocentur.
767 1436 945 1502 miliarium
959 1459 1037 1502 uero
1052 1438 1162 1522 plum·

145 1527 256 1606 boum,
280 1527 331 1591 eui
355 1549 448 1592 aerea
471 1526 583 1610 patina
606 1526 733 1610 subest,
759 1527 845 1590 inter
868 1526 1026 1591 soliorum
1048 1528 1161 1610 spatia
1179 1553 1209 1593 15

145 1615 325 1680 forinsecus
349 1619 534 1680 statuamus
557 1614 688 1680 fornace
709 1615 864 1695 subiecta,
887 1615 927 1678 ad
947 1615 1033 1698 quod
1052 1615 1160 1680 milia-

145 1704 231 1769 rium
252 1704 364 1769 fistula
385 1703 556 1790 frigidaria
579 1703 740 1788 dirigatur
764 1707 799 1768 et
821 1703 863 1769 ab
885 1703 948 1768 hoe
972 1704 1013 1768 ad
1036 1704 1159 1770 solium

147 1793 263 1857 similis
301 1793 536 1878 magnitudinis
568 1793 680 1858 fistula
711 1793 879 1876 procedat,
912 1800 993 1875 quae
1026 1796 1161 1858 tantum

145 1882 268 1948 calidae
300 1882 397 1947 ducat
429 1882 583 1964 interius,
620 1893 778 1965 quantum
816 1881 927 1946 fistula
957 1880 1007 1945 illi
1043 1879 1161 1966 frigidi

144 1971 281 2055 liquoris
313 1970 472 2034 intulerit.
518 1969 617 2035 cellae
645 1975 756 2034 autem
785 1970 833 2034 sic
859 1969 1087 2054 disponantur,
1120 1975 1160 2036 ut
1178 1998 1207 2036 sc

145 2061 284 2145 quadrae
307 2081 374 2124 non
397 2059 471 2142 sint,
495 2059 551 2124 sed
574 2059 665 2124 verbi
686 2059 793 2143 gratia
817 2058 847 2123 si
865 2057 1048 2142 quindecim
1066 2059 1159 2142 pedi·

144 2150 204 2214 bus
234 2149 352 2234 longae
379 2147 514 2231 fuerint,
547 2148 657 2212 decem
690 2148 777 2212 latae
806 2146 888 2211 sint:
919 2146 1039 2212 fortius
1067 2147 1158 2214 enim

99 2239 122 2302 4
143 2259 247 2322 uapor
273 2237 359 2301 inter
388 2241 527 2323 angusta
554 2236 741 2300 luctabitur.
784 2236 941 2301 soliorum
964 2235 1071 2300 forma
1092 2259 1156 2320 pro

143 2326 395 2409 uniuscuiusque
418 2327 588 2391 uoluntate
610 2324 771 2390 fundetur.
808 2325 982 2409 piscinales
1001 2323 1101 2388 cellae
1121 2327 1158 2390 in

93 2428 98 2441 ‘
145 2414 279 2478 aestiuis
311 2414 437 2478 balneis
465 2437 485 2479 a
513 2414 745 2497 septemtrione
774 2414 882 2478 lumen
911 2411 1086 2498 accipiant,
1120 2413 1157 2478 in
1174 2441 1205 2482 aa

144 2502 339 2567 hiemalibus
359 2525 378 2566 a
397 2502 538 2567 meridie.
569 2502 598 2566 si
616 2502 688 2568 fieri
706 2506 824 2586 potest,
842 2502 891 2566 ita
910 2502 1158 2567 constituantur.

143 2591 287 2672 balneae,
309 2595 347 2654 ut
371 2591 476 2655 omnis
500 2613 611 2656 earum
633 2613 690 2674 per
713 2591 828 2656 hortos
850 2591 1002 2656 decurrat
1021 2588 1156 2656 eluuies.

144 2699 289 2744 camerae
312 2679 347 2742 in
370 2679 495 2744 balneis
520 2679 665 2765 signinae
687 2678 841 2744 fortiores
861 2683 949 2744 sunt:
974 2701 1054 2762 quae
1074 2701 1156 2746 uero

216 2931 229 2978 1
249 2941 285 2978 ne
303 2923 334 2978 id
353 2923 432 2993 uligo
450 2923 520 2978 forn.
540 2941 571 2992 a,
593 2942 629 2978 ne
652 2923 730 2995 uligo
755 2941 817 2978 cum
835 2923 905 2977 forn.
927 2922 972 2977 Ge
994 2926 1004 2992 ΙΙ
1027 2922 1158 2995 bbispe-

143 2994 187 3048 dis
205 2997 236 3049 E
263 2997 267 3067 Ι
296 2999 405 3050 sternas
426 2994 452 3049 G
474 2998 484 3066 {l
511 2995 583 3048 (tad
601 3013 651 3050 om.
671 2996 720 3064 1⁷¹,
740 2997 804 3050 cdd.
825 2993 866 3048 V*
888 2996 897 3064 ss
924 2996 1100 3050 scalmum
1121 2998 1157 3066 G,

143 3068 253 3120 statura
271 3068 302 3120 E
317 3070 327 3136 ss
346 3072 377 3120 11
397 3064 471 3120 binis
491 3069 520 3120 et
538 3066 621 3120 semis
639 3068 673 3137 ll
693 3072 726 3120 12
746 3065 864 3136 bipedes
883 3065 914 3118 E
928 3065 931 3136 l
947 3065 1020 3119 bene
1038 3065 1070 3120 E
1084 3067 1092 3147 l
1105 3068 1157 3122 ad-

143 3153 198 3206 que
218 3137 241 3208 Q
263 3141 273 3207 ΙΙ
295 3144 328 3190 15
347 3154 412 3192 erea
431 3137 458 3191 V
476 3140 485 3209 Η
508 3142 541 3192 16
561 3140 717 3192 statuemus
736 3157 754 3192 a
775 3139 778 3208 Ι
800 3138 837 3191 ad
855 3135 969 3205 adquod
987 3137 1014 3190 L
1055 3155 1156 3192 mima

143 3227 205 3292 rum
223 3209 254 3262 F
264 3211 321 3291 llll
340 3208 682 3278 fistula—magnitudinis
702 3225 753 3264 um.
769 3210 800 3263 E
814 3211 818 3277 l
835 3206 1014 3278 dirigatur—
1040 3208 1117 3262 stula
1132 3211 1161 3264 V

142 3296 316 3431 subdet
329 3282 719 3430 ‚lttdd‘attttut
732 3279 1078 3421 dtttfitttdlft
1091 3279 1158 3424 fini

143 3428 177 3476 28
206 3421 230 3507 si
257 3421 391 3491 S1gmnae
418 3423 488 3477 fiant
514 3424 561 3492 ia,
590 3421 647 3493 [si]
677 3420 810 3490 signinae
838 3421 940 3492 [fiant]
969 3437 1023 3490 cys
1052 3421 1055 3492 l
1085 3438 1156 3476 uero

143 3508 193 3548 orn.
207 3511 225 3548 c
