2556 3942
495 202 613 258 AGRIC.
628 203 641 256 I
656 209 726 258 5-6
1100 206 1118 270 7

130 383 191 448 DE
216 382 461 450 INDVSTRIA
485 384 543 449 ET
565 381 857 450 Nndssslfflls
882 384 942 450 AD
966 384 1091 450 RVRA

479 488 749 556 SENTENTIIS.

171 612 233 683 Sed
256 615 314 680 ubi
336 615 426 700 haec,
450 637 533 699 quae
555 615 720 688 naturalia
744 619 946 701 suntneque
965 617 1110 684 humane
1125 616 1172 681 VI

101 726 165 788 ope
193 704 301 770 curari
329 708 482 788 possunt,
510 703 699 789 diligentius
724 705 919 788 aestimaris,
949 705 1062 790 exequi
1086 711 1120 772 te

68 793 259 866 eoonuenit
285 797 429 876 partem,
457 813 539 877 quae
568 797 671 859 restet
698 794 890 858 industriae:
921 794 1012 864 cuius
1040 794 1120 860 haec

101 882 168 948 erit
191 903 268 948 cura
290 882 343 947 uel
367 881 523 967 maxime,
546 886 584 945 ut
605 881 679 967 has,
703 904 783 965 ques
807 881 944 963 subieci,
967 905 1007 946 ex
1031 885 1120 948 omni

101 992 202 1054 opere
220 971 343 1039 rustico
362 971 397 1036 in
415 970 531 1054 primis
551 971 668 1036 debeas
683 975 793 1036 tenere
809 971 996 1036 sententies.
1029 994 1120 1056 pree·

100 1060 212 1126 sentia
243 1059 367 1130 domini
395 1062 570 1142 prouectus
599 1064 650 1126 est
677 1060 756 1144 agri.
803 1061 893 1128 color
920 1065 1026 1124 terrae
1053 1083 1120 1129 non

101 1169 224 1232 magno
255 1170 352 1232 opere
380 1148 593 1234 desideretur,
625 1148 681 1231 qui
710 1148 868 1232 bonitatis
896 1149 1039 1215 incertus
1068 1155 1119 1216 est

52 1271 82 1309 10
100 1241 226 1304 auctor.
264 1258 385 1321 genera
408 1237 555 1305 omnium
578 1237 784 1302 surculorum
804 1238 857 1302 uel
876 1237 1009 1322 frugum
1028 1260 1118 1323 pree·
1142 1241 1163 1303 2

101 1327 200 1410 clere,
220 1327 276 1392 sed
294 1325 391 1390 terris
410 1325 477 1398 tuis
497 1329 639 1410 experta,
658 1326 836 1392 committe.
873 1327 906 1390 in
925 1349 1012 1392 nouo
1031 1328 1119 1394 enim

100 1437 222 1500 genere
255 1415 415 1487 seminum
453 1417 528 1484 ante
561 1414 818 1498 experimentum
854 1436 920 1480 non
956 1419 1007 1480 est
1044 1439 1118 1500 spes

100 1509 177 1571 tote
199 1504 357 1588 ponenda.
394 1503 475 1568 locis
499 1503 618 1568 umidis
643 1504 767 1570 semine
790 1501 886 1569 citius
906 1524 1004 1587 quam
1023 1505 1118 1570 siccis

100 1594 315 1678 degenerant:
339 1614 438 1676 quere
462 1592 598 1658 subinde
622 1596 792 1658 succurrat
814 1592 937 1663 electio.
979 1593 1116 1674 ferrarii,

52 1713 82 1754 15
100 1679 251 1767 lignarii,
292 1681 455 1746 doliorum
497 1703 716 1764 superumque
756 1682 896 1746 factores
933 1684 1118 1748 necessario

99 1771 245 1836 habendi
273 1774 363 1852 sunt,
390 1791 431 1840 ne
455 1792 474 1834 a
496 1770 607 1835 labore
631 1770 758 1834 solenni
780 1771 921 1836 rusticos
946 1793 1044 1839 cause
1066 1773 1118 1836 de·

99 1859 292 1930 siderendee
309 1858 400 1925 urbis
416 1862 552 1934 auertat.
583 1857 665 1926 locis
680 1858 809 1944 frigidis
825 1881 844 1924 a
858 1859 991 1926 meridie
1007 1860 1118 1926 uineta

97 1951 274 2032 ponantur,
298 1947 412 2012 calidis
432 1970 450 2012 a
470 1947 701 2032 septentrione,
721 1946 912 2031 temperetis
932 1949 971 2012 ab
992 1949 1116 2017 oriente
1276 2003 1277 2010 ,

97 2036 169 2120 uel,
197 2036 225 2100 si
252 2058 383 2102 necesse
408 2036 465 2119 sit,
494 2035 669 2102 occidente.
711 2059 882 2120 operarum
905 2037 991 2102 ratio
1015 2060 1116 2107 unum
1140 2039 1161 2102 3
1276 2065 1277 2070 ¹

49 2160 81 2198 20
99 2125 235 2200 modum
263 2131 374 2192 tenere
401 2147 468 2190 non
493 2128 604 2210 potest
628 2125 662 2189 in
685 2129 778 2190 tanta
801 2124 991 2190 diuersitate
1016 2130 1118 2192 terre-

98 2237 188 2280 rum:
207 2219 242 2278 et
259 2214 331 2279 ideo
351 2213 414 2279 soli
432 2217 465 2281 et
482 2212 670 2298 prouinciae
685 2214 884 2280 consuetudo
899 2213 994 2278 facile
1010 2220 1117 2288 osten·

99 2304 171 2388 det,
199 2301 256 2386 qui
282 2324 436 2371 numerus
465 2325 727 2387 unamquamque
755 2324 825 2368 rem
847 2302 961 2386 faciat,
989 2303 1058 2370 siue
1081 2305 1117 2370 in

98 2391 241 2464 surculis
269 2391 339 2459 siue
366 2390 402 2458 in
430 2390 519 2461 omni
546 2413 663 2476 genere
687 2395 842 2458 sotorum.
884 2413 967 2475 quae
989 2393 1116 2478 florent,

99 2485 231 2554 constat
257 2483 326 2548 non
353 2501 424 2544 esse
451 2480 624 2565 tangenda.
669 2480 751 2544 bene
782 2479 859 2566 eligi
888 2482 1023 2546 serenda
1049 2504 1116 2554 non

49 2599 80 2639 25
99 2573 252 2653 possunt,
277 2567 342 2634 nisi
365 2569 427 2635 hoc
451 2568 596 2638 officium
619 2569 709 2652 prius
733 2569 857 2653 eligens
881 2570 1039 2638 adsumet.
1081 2572 1116 2636 in

98 2659 198 2726 rebus
227 2657 414 2743 agrestibus
442 2659 582 2732 maxime
610 2657 719 2723 officia
744 2657 898 2724 iuuenum
922 2664 1116 2746 congruunt,

173 2848 357 2904 esenentiis
377 2849 414 2930 ad
433 2866 499 2903 rura
517 2850 548 2903 Ε
573 2853 582 2918 ll
609 2849 715 2902 3haec
736 2866 786 2904 om.
806 2850 837 2904 E
861 2852 871 2918 ΙΙ
898 2857 1031 2904 tcurere
1025 2850 1112 2933 6¹⁸1

18 2919 25 2927 ’
97 2920 260 3002 aestimaris
288 2919 404 2988 exsequi
427 2922 477 2991 V1,
504 2920 648 2975 aestimari
676 2922 706 2974 et
730 2920 845 2988 exsequi
870 2921 951 2990 QV',
979 2920 1114 2992 estimari,

98 2991 202 3061 exequi
216 2993 266 3061 E¹
287 2965 477 3072 estimaueris
482 2991 582 3060 exequi
596 2993 626 3044 Ε
633 2991 644 3022 ¹
644 2990 850 3060 ,extimaueris
870 2990 1011 3060 exequie,
1031 2994 1115 3048 aesti-

97 3063 235 3133 maueris,
256 3062 357 3144 exequi
375 3081 406 3143 a,
431 3061 637 3130 aestimandis,
661 3063 775 3130 exsequi
794 3080 847 3134 epe
860 3066 899 3133 lle
918 3062 964 3116 uel
990 3080 1039 3118 om.
1059 3067 1090 3119 E
1106 3067 1115 3138 ll

99 3142 114 3190 't
134 3134 274 3216 rustieeQ
290 3134 318 3207 Ι
311 3133 448 3203 imprimis
460 3137 485 3189 T
499 3136 502 3204 Ι
518 3149 689 3203 magnopere
701 3134 802 3235 GEps
815 3135 824 3203 ΙΙ
839 3140 854 3188 9
869 3131 1006 3187 bonitatis
1021 3152 1071 3192 om
1083 3154 1113 3205 p

97 3205 288 3276 benignitatis
306 3207 406 3260 haberet
424 3206 501 3274 SEU
522 3210 555 3258 10
575 3204 715 3258 sulcorum
733 3205 783 3274 ΕΙ,
803 3204 928 3258 omnium
945 3223 1002 3259 non
1020 3225 1115 3261 surcu-

97 3277 191 3332 lorum
211 3278 254 3346 Vl
270 3275 404 3330 fruticum
422 3278 448 3330 V
464 3280 473 3346 ΙΙ
488 3282 521 3329 14
543 3276 749 3356 degenerantur
767 3277 798 3329 Ε
814 3279 823 3345 [l
843 3282 877 3330 15
894 3275 1010 3345 lignarii
1027 3278 1114 3332 ferre-

96 3349 134 3403 rii
156 3349 182 3402 T
205 3347 209 3420 l
234 3347 386 3402 necessarii
406 3349 432 3402 T
456 3351 465 3418 ll
494 3353 526 3401 17
549 3346 590 3401 De
608 3346 749 3416 positione
767 3345 912 3403 vinearum
930 3349 1010 3404 addet
1025 3350 1095 3404 &⁸
1083 3368 1114 3404 en

96 3421 225 3500 marpine
252 3420 261 3488 ll
289 3425 322 3472 19
342 3418 378 3472 ab
397 3419 543 3474 occidente
561 3419 648 3474 S¹Es
674 3419 684 3487 ll
712 3416 872 3474 elidet}1
897 3421 901 3488 Ι
927 3419 1050 3474 ostendit
1069 3438 1087 3473 a
1112 3438 1114 3495 y

97 3498 131 3546 22
162 3489 226 3560 quis
254 3507 385 3547 numerus
409 3509 444 3560 p,
473 3489 535 3560 quis
563 3489 702 3544 modus
690 3508 701 3542 a
726 3491 730 3558 Ι
756 3487 844 3542 faciet
871 3490 920 3558 V¹,
947 3489 1018 3545 facit
1047 3491 1085 3544 6¹
1111 3502 1114 3562 Ι

96 3569 131 3618 25
153 3561 260 3617 electus
279 3534 477 3618 VSTFG'Es
