<?xml version="1.0" encoding="UTF-8"?>
<!DOCTYPE html PUBLIC "-//W3C//DTD XHTML 1.0 Transitional//EN"
    "http://www.w3.org/TR/xhtml1/DTD/xhtml1-transitional.dtd">
<html xmlns="http://www.w3.org/1999/xhtml" xml:lang="en" lang="en">
 <head>
  <title>
</title>
<meta http-equiv="Content-Type" content="text/html;charset=utf-8" />
  <meta name='ocr-system' content='tesseract 3.04.00' />
  <meta name='ocr-capabilities' content='ocr_page ocr_carea ocr_par ocr_line ocrx_word'/>
</head>
<body>
  <div class='ocr_page' id='page_1' title='image "./palladiirutilii01pallgoog_0204.png"; bbox 0 0 2538 3942; ppageno 0'>
   <div class='ocr_carea' id='block_1_1' title="bbox 452 203 1093 269">
    <p class='ocr_par' dir='ltr' id='par_1_1' title="bbox 452 203 1093 269">
     <span class='ocr_line' id='line_1_1' title="bbox 452 203 1093 269; baseline 0.016 -10"><span class='ocrx_word' id='word_1_1' title='bbox 452 205 569 261; x_wconf 72' lang='lat' dir='ltr'><strong>namo.</strong></span> <span class='ocrx_word' id='word_1_2' title='bbox 584 206 648 260; x_wconf 90' lang='lat' dir='ltr'><strong>VIII</strong></span> <span class='ocrx_word' id='word_1_3' title='bbox 662 212 731 260; x_wconf 81' lang='lat'><strong>3-5</strong></span> <span class='ocrx_word' id='word_1_4' title='bbox 1030 203 1093 269; x_wconf 87' lang='lat'><strong>185</strong></span> 
     </span>
    </p>
   </div>
   <div class='ocr_carea' id='block_1_2' title="bbox 55 349 1138 1929">
    <p class='ocr_par' dir='ltr' id='par_1_2' title="bbox 73 349 1138 1147">
     <span class='ocr_line' id='line_1_2' title="bbox 97 349 1093 437; baseline 0.005 -28"><span class='ocrx_word' id='word_1_5' title='bbox 97 367 172 412; x_wconf 88' lang='lat' dir='ltr'><strong>anno</strong></span> <span class='ocrx_word' id='word_1_6' title='bbox 200 349 337 432; x_wconf 87' lang='lat' dir='ltr'><strong>septimo</strong></span> <span class='ocrx_word' id='word_1_7' title='bbox 365 351 482 417; x_wconf 89' lang='lat' dir='ltr'><strong>deficit.</strong></span> <span class='ocrx_word' id='word_1_8' title='bbox 529 351 677 437; x_wconf 88' lang='lat' dir='ltr'><strong>eligenda</strong></span> <span class='ocrx_word' id='word_1_9' title='bbox 705 357 754 416; x_wconf 90' lang='lat' dir='ltr'><strong>est</strong></span> <span class='ocrx_word' id='word_1_10' title='bbox 782 349 869 413; x_wconf 89' lang='lat' dir='ltr'><strong>uasti</strong></span> <span class='ocrx_word' id='word_1_11' title='bbox 893 349 1037 433; x_wconf 90' lang='lat' dir='ltr'><strong>corporis</strong></span> <span class='ocrx_word' id='word_1_12' title='bbox 1061 354 1093 414; x_wconf 93' lang='lat' dir='ltr'><strong>et</strong></span> 
     </span>
     <span class='ocr_line' id='line_1_3' title="bbox 95 435 1132 524; baseline 0.005 -27"><span class='ocrx_word' id='word_1_13' title='bbox 95 435 204 517; x_wconf 86' lang='lat' dir='ltr'>prolixi</span> <span class='ocrx_word' id='word_1_14' title='bbox 230 437 361 503; x_wconf 87' lang='lat' dir='ltr'><strong>uelleris</strong></span> <span class='ocrx_word' id='word_1_15' title='bbox 391 462 428 505; x_wconf 88' lang='lat' dir='ltr'><strong>ac</strong></span> <span class='ocrx_word' id='word_1_16' title='bbox 452 441 650 524; x_wconf 84' lang='lat' dir='ltr'><strong>mollissimi,</strong></span> <span class='ocrx_word' id='word_1_17' title='bbox 677 437 782 504; x_wconf 90' lang='lat' dir='ltr'><strong>lanosi</strong></span> <span class='ocrx_word' id='word_1_18' title='bbox 808 441 841 502; x_wconf 90' lang='lat' dir='ltr'><strong>et</strong></span> <span class='ocrx_word' id='word_1_19' title='bbox 865 438 975 524; x_wconf 86' lang='lat' dir='ltr'><strong>magni</strong></span> <span class='ocrx_word' id='word_1_20' title='bbox 999 439 1093 504; x_wconf 91' lang='lat' dir='ltr'><strong>uteri.</strong></span> <span class='ocrx_word' id='word_1_21' title='bbox 1130 513 1132 518; x_wconf 23' lang='grc' dir='ltr'>Ι</span> 
     </span>
     <span class='ocr_line' id='line_1_4' title="bbox 96 524 1093 614; baseline 0.006 -28"><span class='ocrx_word' id='word_1_22' title='bbox 96 524 145 588; x_wconf 91' lang='lat' dir='ltr'><strong>sed</strong></span> <span class='ocrx_word' id='word_1_23' title='bbox 165 527 398 608; x_wconf 88' lang='lat' dir='ltr'><strong>prouidendum</strong></span> <span class='ocrx_word' id='word_1_24' title='bbox 422 534 472 594; x_wconf 87' lang='lat' dir='ltr'><strong>est</strong></span> <span class='ocrx_word' id='word_1_25' title='bbox 495 531 529 594; x_wconf 94' lang='lat' dir='ltr'><strong>in</strong></span> <span class='ocrx_word' id='word_1_26' title='bbox 554 530 616 594; x_wconf 91' lang='lat' dir='ltr'><strong>hoc</strong></span> <span class='ocrx_word' id='word_1_27' title='bbox 643 551 775 614; x_wconf 81' lang='lat' dir='ltr'><strong>genere,</strong></span> <span class='ocrx_word' id='word_1_28' title='bbox 802 531 839 590; x_wconf 90' lang='lat' dir='ltr'><strong>ut</strong></span> <span class='ocrx_word' id='word_1_29' title='bbox 866 527 978 610; x_wconf 82' lang='lat' dir='ltr'>pabuli</span> <span class='ocrx_word' id='word_1_30' title='bbox 1001 530 1093 592; x_wconf 90' lang='lat' dir='ltr'><strong>uber-</strong></span> 
     </span>
     <span class='ocr_line' id='line_1_5' title="bbox 95 615 1093 704; baseline 0.005 -29"><span class='ocrx_word' id='word_1_31' title='bbox 95 615 155 676; x_wconf 86' lang='lat' dir='ltr'><strong>tate</strong></span> <span class='ocrx_word' id='word_1_32' title='bbox 182 619 346 680; x_wconf 88' lang='lat' dir='ltr'><strong>saturetur</strong></span> <span class='ocrx_word' id='word_1_33' title='bbox 373 622 406 682; x_wconf 92' lang='lat' dir='ltr'><strong>et</strong></span> <span class='ocrx_word' id='word_1_34' title='bbox 434 619 531 704; x_wconf 87' lang='lat' dir='ltr'><strong>longe</strong></span> <span class='ocrx_word' id='word_1_35' title='bbox 558 623 712 702; x_wconf 87' lang='lat' dir='ltr'><strong>pascatur</strong></span> <span class='ocrx_word' id='word_1_36' title='bbox 739 639 759 682; x_wconf 89' lang='lat' dir='ltr'><strong>a</strong></span> <span class='ocrx_word' id='word_1_37' title='bbox 786 615 947 695; x_wconf 88' lang='lat' dir='ltr'><strong>sentibus,</strong></span> <span class='ocrx_word' id='word_1_38' title='bbox 977 617 1032 699; x_wconf 89' lang='lat' dir='ltr'><strong>qui</strong></span> <span class='ocrx_word' id='word_1_39' title='bbox 1060 621 1093 680; x_wconf 90' lang='lat' dir='ltr'><strong>et</strong></span> 
     </span>
     <span class='ocr_line' id='line_1_6' title="bbox 73 701 1138 790; baseline 0.008 -28"><span class='ocrx_word' id='word_1_40' title='bbox 73 701 194 766; x_wconf 75' lang='lat' dir='ltr'><strong>slanam</strong></span> <span class='ocrx_word' id='word_1_41' title='bbox 220 705 371 770; x_wconf 88' lang='lat' dir='ltr'><strong>minuunt</strong></span> <span class='ocrx_word' id='word_1_42' title='bbox 399 711 431 771; x_wconf 91' lang='lat' dir='ltr'><strong>et</strong></span> <span class='ocrx_word' id='word_1_43' title='bbox 459 729 576 790; x_wconf 90' lang='lat' dir='ltr'><strong>corpus</strong></span> <span class='ocrx_word' id='word_1_44' title='bbox 600 707 755 772; x_wconf 90' lang='lat' dir='ltr'><strong>incidunt.</strong></span> <span class='ocrx_word' id='word_1_45' title='bbox 803 705 993 769; x_wconf 88' lang='lat' dir='ltr'><strong>admittendi</strong></span> <span class='ocrx_word' id='word_1_46' title='bbox 1017 712 1093 770; x_wconf 89' lang='lat' dir='ltr'><strong>sunt</strong></span> <span class='ocrx_word' id='word_1_47' title='bbox 1116 707 1138 771; x_wconf 88' lang='lat'>4</span> 
     </span>
     <span class='ocr_line' id='line_1_7' title="bbox 94 793 1094 876; baseline 0.004 -23"><span class='ocrx_word' id='word_1_48' title='bbox 94 811 195 856; x_wconf 91' lang='lat' dir='ltr'><strong>meuse</strong></span> <span class='ocrx_word' id='word_1_49' title='bbox 218 793 307 876; x_wconf 88' lang='lat' dir='ltr'><strong>iulio,</strong></span> <span class='ocrx_word' id='word_1_50' title='bbox 330 799 368 859; x_wconf 89' lang='lat' dir='ltr'><strong>ut</strong></span> <span class='ocrx_word' id='word_1_51' title='bbox 390 797 460 860; x_wconf 91' lang='lat' dir='ltr'><strong>nati</strong></span> <span class='ocrx_word' id='word_1_52' title='bbox 484 800 560 860; x_wconf 87' lang='lat' dir='ltr'><strong>ante</strong></span> <span class='ocrx_word' id='word_1_53' title='bbox 582 797 722 860; x_wconf 88' lang='lat' dir='ltr'><strong>hiemem</strong></span> <span class='ocrx_word' id='word_1_54' title='bbox 745 794 981 860; x_wconf 86' lang='lat' dir='ltr'><strong>conualescant.</strong></span> <span class='ocrx_word' id='word_1_55' title='bbox 1019 795 1094 858; x_wconf 87' lang='lat' dir='ltr'><strong>Ari-</strong></span> 
     </span>
     <span class='ocr_line' id='line_1_8' title="bbox 93 881 1094 968; baseline 0.007 -27"><span class='ocrx_word' id='word_1_56' title='bbox 93 881 220 946; x_wconf 88' lang='lat' dir='ltr'><strong>stoteles</strong></span> <span class='ocrx_word' id='word_1_57' title='bbox 249 883 382 968; x_wconf 84' lang='lat' dir='ltr'><strong>adserit,</strong></span> <span class='ocrx_word' id='word_1_58' title='bbox 411 886 439 948; x_wconf 88' lang='lat' dir='ltr'><strong>si</strong></span> <span class='ocrx_word' id='word_1_59' title='bbox 468 887 629 950; x_wconf 89' lang='lat' dir='ltr'><strong>masculos</strong></span> <span class='ocrx_word' id='word_1_60' title='bbox 657 886 766 968; x_wconf 78' lang='lat' dir='ltr'><strong>plures</strong></span> <span class='ocrx_word' id='word_1_61' title='bbox 794 883 896 948; x_wconf 86' lang='lat' dir='ltr'><strong>creari</strong></span> <span class='ocrx_word' id='word_1_62' title='bbox 919 882 1015 966; x_wconf 85' lang='lat' dir='ltr'><strong>uelis,</strong></span> <span class='ocrx_word' id='word_1_63' title='bbox 1042 884 1094 948; x_wconf 89' lang='lat' dir='ltr'><strong>ad-</strong></span> 
     </span>
     <span class='ocr_line' id='line_1_9' title="bbox 92 968 1093 1056; baseline 0.006 -26"><span class='ocrx_word' id='word_1_64' title='bbox 92 968 243 1034; x_wconf 87' lang='lat' dir='ltr'><strong>missurae</strong></span> <span class='ocrx_word' id='word_1_65' title='bbox 266 975 412 1056; x_wconf 89' lang='lat' dir='ltr'><strong>tempore</strong></span> <span class='ocrx_word' id='word_1_66' title='bbox 433 974 535 1040; x_wconf 86' lang='lat' dir='ltr'><strong>siccos</strong></span> <span class='ocrx_word' id='word_1_67' title='bbox 555 974 622 1038; x_wconf 91' lang='lat' dir='ltr'><strong>dies</strong></span> <span class='ocrx_word' id='word_1_68' title='bbox 642 978 675 1038; x_wconf 88' lang='lat' dir='ltr'><strong>et</strong></span> <span class='ocrx_word' id='word_1_69' title='bbox 693 973 832 1038; x_wconf 87' lang='lat' dir='ltr'><strong>halitum</strong></span> <span class='ocrx_word' id='word_1_70' title='bbox 851 971 1093 1055; x_wconf 75' lang='lat' dir='ltr'><strong>septemtrionis</strong></span> 
     </span>
     <span class='ocr_line' id='line_1_10' title="bbox 92 1055 1094 1147; baseline 0.006 -28"><span class='ocrx_word' id='word_1_71' title='bbox 92 1055 269 1142; x_wconf 90' lang='lat' dir='ltr'><strong>eligendum</strong></span> <span class='ocrx_word' id='word_1_72' title='bbox 293 1067 326 1124; x_wconf 90' lang='lat' dir='ltr'><strong>et</strong></span> <span class='ocrx_word' id='word_1_73' title='bbox 350 1065 463 1126; x_wconf 87' lang='lat' dir='ltr'><strong>contra</strong></span> <span class='ocrx_word' id='word_1_74' title='bbox 486 1085 560 1128; x_wconf 87' lang='lat' dir='ltr'><strong>cum</strong></span> <span class='ocrx_word' id='word_1_75' title='bbox 583 1069 719 1128; x_wconf 88' lang='lat' dir='ltr'><strong>uentum</strong></span> <span class='ocrx_word' id='word_1_76' title='bbox 741 1083 857 1147; x_wconf 84' lang='lat' dir='ltr'><strong>greges</strong></span> <span class='ocrx_word' id='word_1_77' title='bbox 877 1083 946 1125; x_wconf 90' lang='lat' dir='ltr'><strong>esse</strong></span> <span class='ocrx_word' id='word_1_78' title='bbox 965 1083 1094 1145; x_wconf 89' lang='lat' dir='ltr'><strong>pascen-</strong></span> 
     </span>
    </p>

    <p class='ocr_par' dir='ltr' id='par_1_3' title="bbox 58 1144 1138 1592">
     <span class='ocr_line' id='line_1_11' title="bbox 58 1144 1093 1236; baseline 0.009 -31"><span class='ocrx_word' id='word_1_79' title='bbox 58 1167 80 1206; x_wconf 86' lang='lat' dir='ltr'><strong>ro</strong></span> <span class='ocrx_word' id='word_1_80' title='bbox 92 1144 157 1210; x_wconf 87' lang='lat' dir='ltr'><strong>dos:</strong></span> <span class='ocrx_word' id='word_1_81' title='bbox 181 1148 209 1211; x_wconf 89' lang='lat' dir='ltr'><strong>si</strong></span> <span class='ocrx_word' id='word_1_82' title='bbox 232 1147 369 1214; x_wconf 85' lang='lat' dir='ltr'><strong>feminas</strong></span> <span class='ocrx_word' id='word_1_83' title='bbox 394 1153 542 1236; x_wconf 87' lang='lat' dir='ltr'><strong>generari</strong></span> <span class='ocrx_word' id='word_1_84' title='bbox 563 1153 655 1235; x_wconf 87' lang='lat' dir='ltr'><strong>uelis,</strong></span> <span class='ocrx_word' id='word_1_85' title='bbox 678 1151 781 1217; x_wconf 81' lang='lat' dir='ltr'><strong>austri</strong></span> <span class='ocrx_word' id='word_1_86' title='bbox 801 1150 976 1234; x_wconf 87' lang='lat' dir='ltr'><strong>captandos</strong></span> <span class='ocrx_word' id='word_1_87' title='bbox 996 1151 1093 1215; x_wconf 90' lang='lat' dir='ltr'><strong>flatus</strong></span> 
     </span>
     <span class='ocr_line' id='line_1_12' title="bbox 91 1235 1093 1326; baseline 0.006 -29"><span class='ocrx_word' id='word_1_88' title='bbox 91 1237 120 1298; x_wconf 90' lang='lat' dir='ltr'><strong>et</strong></span> <span class='ocrx_word' id='word_1_89' title='bbox 145 1235 179 1299; x_wconf 91' lang='lat' dir='ltr'><strong>in</strong></span> <span class='ocrx_word' id='word_1_90' title='bbox 208 1259 281 1301; x_wconf 90' lang='lat' dir='ltr'><strong>eum</strong></span> <span class='ocrx_word' id='word_1_91' title='bbox 309 1261 431 1322; x_wconf 86' lang='lat' dir='ltr'><strong>pascua</strong></span> <span class='ocrx_word' id='word_1_92' title='bbox 458 1240 626 1326; x_wconf 91' lang='lat' dir='ltr'><strong>dirigenda</strong></span> <span class='ocrx_word' id='word_1_93' title='bbox 653 1263 690 1306; x_wconf 89' lang='lat' dir='ltr'><strong>ac</strong></span> <span class='ocrx_word' id='word_1_94' title='bbox 714 1242 760 1306; x_wconf 89' lang='lat' dir='ltr'><strong>sic</strong></span> <span class='ocrx_word' id='word_1_95' title='bbox 783 1239 939 1304; x_wconf 77' lang='lat' dir='ltr'><strong>ineundas</strong></span> <span class='ocrx_word' id='word_1_96' title='bbox 964 1243 1093 1304; x_wconf 84' lang='lat' dir='ltr'><strong>matres.</strong></span> 
     </span>
     <span class='ocr_line' id='line_1_13' title="bbox 90 1327 1094 1394; baseline 0.006 -8"><span class='ocrx_word' id='word_1_97' title='bbox 90 1327 288 1390; x_wconf 88' lang='lat' dir='ltr'><strong>mortuarum</strong></span> <span class='ocrx_word' id='word_1_98' title='bbox 320 1328 374 1392; x_wconf 91' lang='lat' dir='ltr'><strong>uel</strong></span> <span class='ocrx_word' id='word_1_99' title='bbox 406 1328 600 1394; x_wconf 78' lang='lat' dir='ltr'><strong>uitiosorum</strong></span> <span class='ocrx_word' id='word_1_100' title='bbox 632 1351 785 1394; x_wconf 86' lang='lat' dir='ltr'><strong>numerus</strong></span> <span class='ocrx_word' id='word_1_101' title='bbox 817 1329 948 1394; x_wconf 91' lang='lat' dir='ltr'><strong>nouella</strong></span> <span class='ocrx_word' id='word_1_102' title='bbox 980 1329 1094 1394; x_wconf 90' lang='lat' dir='ltr'><strong>subole</strong></span> 
     </span>
     <span class='ocr_line' id='line_1_14' title="bbox 89 1417 1138 1504; baseline 0.008 -29"><span class='ocrx_word' id='word_1_103' title='bbox 89 1420 262 1496; x_wconf 88' lang='lat' dir='ltr'><strong>reparetur.</strong></span> <span class='ocrx_word' id='word_1_104' title='bbox 299 1421 456 1483; x_wconf 90' lang='lat' dir='ltr'><strong>autumno</strong></span> <span class='ocrx_word' id='word_1_105' title='bbox 480 1418 602 1484; x_wconf 88' lang='lat' dir='ltr'><strong>debiles</strong></span> <span class='ocrx_word' id='word_1_106' title='bbox 627 1440 772 1504; x_wconf 90' lang='lat' dir='ltr'><strong>quaeque</strong></span> <span class='ocrx_word' id='word_1_107' title='bbox 790 1417 898 1501; x_wconf 89' lang='lat' dir='ltr'><strong>pretio</strong></span> <span class='ocrx_word' id='word_1_108' title='bbox 917 1422 1093 1499; x_wconf 85' lang='lat' dir='ltr'><strong>mutentur,</strong></span> <span class='ocrx_word' id='word_1_109' title='bbox 1117 1418 1138 1483; x_wconf 87' lang='lat'>5</span> 
     </span>
     <span class='ocr_line' id='line_1_15' title="bbox 89 1503 1094 1592; baseline 0.006 -28"><span class='ocrx_word' id='word_1_110' title='bbox 89 1521 125 1564; x_wconf 90' lang='lat' dir='ltr'><strong>ne</strong></span> <span class='ocrx_word' id='word_1_111' title='bbox 156 1524 212 1567; x_wconf 87' lang='lat' dir='ltr'><strong>eas</strong></span> <span class='ocrx_word' id='word_1_112' title='bbox 244 1503 413 1570; x_wconf 88' lang='lat' dir='ltr'><strong>inbecillas</strong></span> <span class='ocrx_word' id='word_1_113' title='bbox 444 1507 618 1572; x_wconf 89' lang='lat' dir='ltr'><strong>hibernum</strong></span> <span class='ocrx_word' id='word_1_114' title='bbox 650 1508 755 1592; x_wconf 84' lang='lat' dir='ltr'><strong>frigus</strong></span> <span class='ocrx_word' id='word_1_115' title='bbox 788 1506 947 1572; x_wconf 89' lang='lat' dir='ltr'><strong>absumat.</strong></span> <span class='ocrx_word' id='word_1_116' title='bbox 994 1505 1094 1590; x_wconf 79' lang='lat' dir='ltr'><strong>aliqui</strong></span> 
     </span>
    </p>

    <p class='ocr_par' dir='ltr' id='par_1_4' title="bbox 55 1588 1095 1929">
     <span class='ocr_line' id='line_1_16' title="bbox 55 1588 1095 1682; baseline 0.008 -31"><span class='ocrx_word' id='word_1_117' title='bbox 55 1612 77 1652; x_wconf 85' lang='lat'><strong>15</strong></span> <span class='ocrx_word' id='word_1_118' title='bbox 89 1588 211 1655; x_wconf 90' lang='lat' dir='ltr'><strong>duobus</strong></span> <span class='ocrx_word' id='word_1_119' title='bbox 244 1596 319 1658; x_wconf 89' lang='lat' dir='ltr'><strong>ante</strong></span> <span class='ocrx_word' id='word_1_120' title='bbox 348 1596 513 1661; x_wconf 88' lang='lat' dir='ltr'><strong>mensibus</strong></span> <span class='ocrx_word' id='word_1_121' title='bbox 543 1596 661 1662; x_wconf 89' lang='lat' dir='ltr'><strong>arietes</strong></span> <span class='ocrx_word' id='word_1_122' title='bbox 692 1619 711 1660; x_wconf 91' lang='lat' dir='ltr'><strong>a</strong></span> <span class='ocrx_word' id='word_1_123' title='bbox 741 1597 830 1663; x_wconf 91' lang='lat' dir='ltr'><strong>coitu</strong></span> <span class='ocrx_word' id='word_1_124' title='bbox 857 1599 1025 1682; x_wconf 85' lang='lat' dir='ltr'><strong>reuocant,</strong></span> <span class='ocrx_word' id='word_1_125' title='bbox 1057 1600 1095 1660; x_wconf 90' lang='lat' dir='ltr'><strong>ut</strong></span> 
     </span>
     <span class='ocr_line' id='line_1_17' title="bbox 88 1677 1094 1770; baseline 0.005 -28"><span class='ocrx_word' id='word_1_126' title='bbox 88 1677 188 1744; x_wconf 85' lang='lat' dir='ltr'><strong>facem</strong></span> <span class='ocrx_word' id='word_1_127' title='bbox 208 1680 354 1748; x_wconf 89' lang='lat' dir='ltr'><strong>libidinis</strong></span> <span class='ocrx_word' id='word_1_128' title='bbox 374 1689 492 1769; x_wconf 87' lang='lat' dir='ltr'><strong>augeat</strong></span> <span class='ocrx_word' id='word_1_129' title='bbox 511 1685 626 1750; x_wconf 88' lang='lat' dir='ltr'><strong>dilatio</strong></span> <span class='ocrx_word' id='word_1_130' title='bbox 641 1686 829 1770; x_wconf 91' lang='lat' dir='ltr'><strong>uoluptatis.</strong></span> <span class='ocrx_word' id='word_1_131' title='bbox 861 1685 993 1768; x_wconf 88' lang='lat' dir='ltr'><strong>quidam</strong></span> <span class='ocrx_word' id='word_1_132' title='bbox 1008 1683 1094 1750; x_wconf 88' lang='lat' dir='ltr'><strong>coire</strong></span> 
     </span>
     <span class='ocr_line' id='line_1_18' title="bbox 88 1766 1095 1858; baseline 0.006 -27"><span class='ocrx_word' id='word_1_133' title='bbox 88 1766 153 1833; x_wconf 88' lang='lat' dir='ltr'><strong>sine</strong></span> <span class='ocrx_word' id='word_1_134' title='bbox 182 1770 377 1836; x_wconf 80' lang='lat' dir='ltr'><strong>discretione</strong></span> <span class='ocrx_word' id='word_1_135' title='bbox 407 1775 616 1858; x_wconf 85' lang='lat' dir='ltr'><strong>permittunt,</strong></span> <span class='ocrx_word' id='word_1_136' title='bbox 648 1779 686 1839; x_wconf 91' lang='lat' dir='ltr'><strong>ut</strong></span> <span class='ocrx_word' id='word_1_137' title='bbox 718 1775 780 1839; x_wconf 88' lang='lat' dir='ltr'><strong>hoc</strong></span> <span class='ocrx_word' id='word_1_138' title='bbox 812 1774 859 1839; x_wconf 87' lang='lat' dir='ltr'><strong>cis</strong></span> <span class='ocrx_word' id='word_1_139' title='bbox 892 1793 1009 1858; x_wconf 85' lang='lat' dir='ltr'><strong>genere</strong></span> <span class='ocrx_word' id='word_1_140' title='bbox 1035 1795 1095 1857; x_wconf 90' lang='lat' dir='ltr'><strong>per</strong></span> 
     </span>
     <span class='ocr_line' id='line_1_19' title="bbox 87 1861 668 1929; baseline 0.015 -9"><span class='ocrx_word' id='word_1_141' title='bbox 87 1877 205 1922; x_wconf 88' lang='lat' dir='ltr'><strong>annum</strong></span> <span class='ocrx_word' id='word_1_142' title='bbox 228 1862 335 1925; x_wconf 89' lang='lat' dir='ltr'><strong>totum</strong></span> <span class='ocrx_word' id='word_1_143' title='bbox 358 1861 465 1926; x_wconf 88' lang='lat' dir='ltr'><strong>fetura</strong></span> <span class='ocrx_word' id='word_1_144' title='bbox 486 1886 553 1928; x_wconf 93' lang='lat' dir='ltr'><strong>non</strong></span> <span class='ocrx_word' id='word_1_145' title='bbox 576 1864 668 1929; x_wconf 87' lang='lat' dir='ltr'><strong>desit.</strong></span> 
     </span>
    </p>
   </div>
   <div class='ocr_carea' id='block_1_3' title="bbox 284 2089 894 2158">
    <p class='ocr_par' dir='ltr' id='par_1_5' title="bbox 284 2089 894 2158">
     <span class='ocr_line' id='line_1_20' title="bbox 284 2089 894 2158; baseline 0.008 -5"><span class='ocrx_word' id='word_1_146' title='bbox 284 2089 343 2156; x_wconf 78' lang='lat' dir='ltr'><strong>oh</strong></span> <span class='ocrx_word' id='word_1_147' title='bbox 368 2091 653 2158; x_wconf 76' lang='lat' dir='ltr'><strong>EXTIRPANDO</strong></span> <span class='ocrx_word' id='word_1_148' title='bbox 678 2092 894 2158; x_wconf 81' lang='lat' dir='ltr'><strong>GRAMINE.</strong></span> 
     </span>
    </p>
   </div>
   <div class='ocr_carea' id='block_1_4' title="bbox 49 2213 1146 2748">
    <p class='ocr_par' dir='ltr' id='par_1_6' title="bbox 51 2213 1146 2659">
     <span class='ocr_line' id='line_1_21' title="bbox 51 2213 1146 2301; baseline 0.005 -27"><span class='ocrx_word' id='word_1_149' title='bbox 51 2235 72 2274; x_wconf 76' lang='lat' dir='ltr'><strong>ao</strong></span> <span class='ocrx_word' id='word_1_150' title='bbox 147 2213 223 2280; x_wconf 90' lang='lat' dir='ltr'><strong>Hoc</strong></span> <span class='ocrx_word' id='word_1_151' title='bbox 243 2237 360 2296; x_wconf 87' lang='lat' dir='ltr'><strong>mense,</strong></span> <span class='ocrx_word' id='word_1_152' title='bbox 380 2239 453 2281; x_wconf 89' lang='lat' dir='ltr'><strong>cum</strong></span> <span class='ocrx_word' id='word_1_153' title='bbox 472 2218 521 2282; x_wconf 91' lang='lat' dir='ltr'><strong>sol</strong></span> <span class='ocrx_word' id='word_1_154' title='bbox 541 2219 649 2284; x_wconf 89' lang='lat' dir='ltr'><strong>cancri</strong></span> <span class='ocrx_word' id='word_1_155' title='bbox 668 2218 793 2283; x_wconf 89' lang='lat' dir='ltr'><strong>tenebit</strong></span> <span class='ocrx_word' id='word_1_156' title='bbox 806 2217 997 2301; x_wconf 86' lang='lat' dir='ltr'><strong>hospitium,</strong></span> <span class='ocrx_word' id='word_1_157' title='bbox 1015 2216 1093 2281; x_wconf 90' lang='lat' dir='ltr'><strong>luna</strong></span> <span class='ocrx_word' id='word_1_158' title='bbox 1117 2215 1146 2280; x_wconf 89' lang='lat' dir='ltr'><strong>V</strong></span> 
     </span>
     <span class='ocr_line' id='line_1_22' title="bbox 85 2304 1094 2392; baseline 0.005 -28"><span class='ocrx_word' id='word_1_159' title='bbox 85 2306 174 2366; x_wconf 86' lang='lat' dir='ltr'><strong>sexta</strong></span> <span class='ocrx_word' id='word_1_160' title='bbox 188 2304 223 2367; x_wconf 90' lang='lat' dir='ltr'><strong>in</strong></span> <span class='ocrx_word' id='word_1_161' title='bbox 239 2305 420 2389; x_wconf 79' lang='lat' dir='ltr'><strong>capricorni</strong></span> <span class='ocrx_word' id='word_1_162' title='bbox 435 2307 529 2392; x_wconf 89' lang='lat' dir='ltr'><strong>signo</strong></span> <span class='ocrx_word' id='word_1_163' title='bbox 543 2307 653 2390; x_wconf 88' lang='lat' dir='ltr'><strong>posita</strong></span> <span class='ocrx_word' id='word_1_164' title='bbox 668 2328 802 2392; x_wconf 89' lang='lat' dir='ltr'><strong>gramen</strong></span> <span class='ocrx_word' id='word_1_165' title='bbox 817 2307 963 2371; x_wconf 87' lang='lat' dir='ltr'><strong>ablatum</strong></span> <span class='ocrx_word' id='word_1_166' title='bbox 980 2305 1094 2370; x_wconf 84' lang='lat' dir='ltr'><strong>Graeci</strong></span> 
     </span>
     <span class='ocr_line' id='line_1_23' title="bbox 84 2391 1094 2460; baseline 0.003 -5"><span class='ocrx_word' id='word_1_167' title='bbox 84 2391 238 2457; x_wconf 81' lang='lat' dir='ltr'><strong>adserunt</strong></span> <span class='ocrx_word' id='word_1_168' title='bbox 265 2394 347 2458; x_wconf 88' lang='lat' dir='ltr'><strong>nihil</strong></span> <span class='ocrx_word' id='word_1_169' title='bbox 376 2395 414 2459; x_wconf 93' lang='lat' dir='ltr'><strong>de</strong></span> <span class='ocrx_word' id='word_1_170' title='bbox 443 2395 605 2460; x_wconf 86' lang='lat' dir='ltr'><strong>radicibus</strong></span> <span class='ocrx_word' id='word_1_171' title='bbox 634 2394 845 2460; x_wconf 88' lang='lat' dir='ltr'><strong>redditurum.</strong></span> <span class='ocrx_word' id='word_1_172' title='bbox 891 2397 971 2460; x_wconf 88' lang='lat' dir='ltr'><strong>item</strong></span> <span class='ocrx_word' id='word_1_173' title='bbox 996 2395 1024 2459; x_wconf 92' lang='lat' dir='ltr'><strong>si</strong></span> <span class='ocrx_word' id='word_1_174' title='bbox 1048 2395 1094 2460; x_wconf 90' lang='lat' dir='ltr'><strong>bi-</strong></span> 
     </span>
     <span class='ocr_line' id='line_1_24' title="bbox 84 2478 1094 2570; baseline 0.005 -27"><span class='ocrx_word' id='word_1_175' title='bbox 84 2478 196 2545; x_wconf 86' lang='lat' dir='ltr'><strong>dentes</strong></span> <span class='ocrx_word' id='word_1_176' title='bbox 221 2481 330 2566; x_wconf 85' lang='lat' dir='ltr'><strong>cyprei</strong></span> <span class='ocrx_word' id='word_1_177' title='bbox 353 2483 435 2548; x_wconf 87' lang='lat' dir='ltr'><strong>fiant</strong></span> <span class='ocrx_word' id='word_1_178' title='bbox 463 2489 496 2548; x_wconf 85' lang='lat' dir='ltr'><strong>et</strong></span> <span class='ocrx_word' id='word_1_179' title='bbox 525 2485 682 2569; x_wconf 90' lang='lat' dir='ltr'><strong>sanguine</strong></span> <span class='ocrx_word' id='word_1_180' title='bbox 710 2485 881 2570; x_wconf 89' lang='lat' dir='ltr'><strong>tingantur</strong></span> <span class='ocrx_word' id='word_1_181' title='bbox 908 2484 1033 2548; x_wconf 91' lang='lat' dir='ltr'><strong>hircino</strong></span> <span class='ocrx_word' id='word_1_182' title='bbox 1062 2488 1094 2548; x_wconf 87' lang='lat' dir='ltr'><strong>et</strong></span> 
     </span>
     <span class='ocr_line' id='line_1_25' title="bbox 83 2568 1094 2659; baseline 0.005 -27"><span class='ocrx_word' id='word_1_183' title='bbox 83 2573 157 2652; x_wconf 86' lang='lat' dir='ltr'><strong>post</strong></span> <span class='ocrx_word' id='word_1_184' title='bbox 188 2568 329 2636; x_wconf 87' lang='lat' dir='ltr'><strong>fornacis</strong></span> <span class='ocrx_word' id='word_1_185' title='bbox 359 2572 490 2637; x_wconf 87' lang='lat' dir='ltr'><strong>ardores</strong></span> <span class='ocrx_word' id='word_1_186' title='bbox 518 2595 584 2637; x_wconf 92' lang='lat' dir='ltr'><strong>non</strong></span> <span class='ocrx_word' id='word_1_187' title='bbox 613 2596 697 2657; x_wconf 89' lang='lat' dir='ltr'><strong>aqua</strong></span> <span class='ocrx_word' id='word_1_188' title='bbox 721 2574 776 2638; x_wconf 90' lang='lat' dir='ltr'><strong>sed</strong></span> <span class='ocrx_word' id='word_1_189' title='bbox 800 2574 913 2638; x_wconf 90' lang='lat' dir='ltr'><strong>eodem</strong></span> <span class='ocrx_word' id='word_1_190' title='bbox 937 2573 1094 2659; x_wconf 90' lang='lat' dir='ltr'><strong>sanguine</strong></span> 
     </span>
    </p>

    <p class='ocr_par' dir='ltr' id='par_1_7' title="bbox 49 2660 971 2748">
     <span class='ocr_line' id='line_1_26' title="bbox 49 2660 971 2748; baseline 0.008 -29"><span class='ocrx_word' id='word_1_191' title='bbox 49 2681 71 2720; x_wconf 79' lang='lat' dir='ltr'><strong>a</strong></span> <span class='ocrx_word' id='word_1_192' title='bbox 84 2660 320 2743; x_wconf 83' lang='lat' dir='ltr'><strong>temperentur,</strong></span> <span class='ocrx_word' id='word_1_193' title='bbox 343 2683 401 2744; x_wconf 91' lang='lat' dir='ltr'><strong>per</strong></span> <span class='ocrx_word' id='word_1_194' title='bbox 425 2683 480 2726; x_wconf 86' lang='lat' dir='ltr'><strong>eos</strong></span> <span class='ocrx_word' id='word_1_195' title='bbox 504 2666 632 2726; x_wconf 87' lang='lat' dir='ltr'><strong>erutum</strong></span> <span class='ocrx_word' id='word_1_196' title='bbox 656 2684 792 2748; x_wconf 90' lang='lat' dir='ltr'><strong>gramen</strong></span> <span class='ocrx_word' id='word_1_197' title='bbox 815 2663 971 2748; x_wconf 85' lang='lat' dir='ltr'><strong>extingui.</strong></span> 
     </span>
    </p>
   </div>
   <div class='ocr_carea' id='block_1_5' title="bbox 81 2834 1095 3546">
    <p class='ocr_par' dir='ltr' id='par_1_8' title="bbox 81 2834 1095 3546">
     <span class='ocr_line' id='line_1_27' title="bbox 154 2834 1095 2915; baseline 0.002 -29"><span class='ocrx_word' id='word_1_198' title='bbox 154 2841 170 2886; x_wconf 85' lang='lat'><strong>3</strong></span> <span class='ocrx_word' id='word_1_199' title='bbox 186 2835 230 2886; x_wconf 86' lang='lat' dir='ltr'><strong>est</strong></span> <span class='ocrx_word' id='word_1_200' title='bbox 243 2850 293 2888; x_wconf 87' lang='lat' dir='ltr'><strong>om.</strong></span> <span class='ocrx_word' id='word_1_201' title='bbox 305 2834 360 2889; x_wconf 82' lang='lat' dir='ltr'><strong>SE</strong></span> <span class='ocrx_word' id='word_1_202' title='bbox 372 2837 381 2904; x_wconf 94' lang='grc'><strong>11</strong></span> <span class='ocrx_word' id='word_1_203' title='bbox 395 2841 410 2889; x_wconf 77' lang='lat'>5</span> <span class='ocrx_word' id='word_1_204' title='bbox 425 2834 557 2888; x_wconf 89' lang='lat' dir='ltr'><strong>muniunt</strong></span> <span class='ocrx_word' id='word_1_205' title='bbox 570 2835 593 2905; x_wconf 76' lang='lat' dir='ltr'><em>Q</em></span> <span class='ocrx_word' id='word_1_206' title='bbox 609 2837 613 2906; x_wconf 99' lang='grc'>1</span> <span class='ocrx_word' id='word_1_207' title='bbox 629 2834 758 2891; x_wconf 88' lang='lat' dir='ltr'><strong>incidunt</strong></span> <span class='ocrx_word' id='word_1_208' title='bbox 772 2836 955 2891; x_wconf 86' lang='lat' dir='ltr'><strong>custodiendo</strong></span> <span class='ocrx_word' id='word_1_209' title='bbox 970 2838 1035 2890; x_wconf 88' lang='lat' dir='ltr'><strong>sunt</strong></span> <span class='ocrx_word' id='word_1_210' title='bbox 1044 2836 1075 2888; x_wconf 83' lang='lat' dir='ltr'><strong><em>E</em></strong></span> <span class='ocrx_word' id='word_1_211' title='bbox 1086 2835 1095 2915; x_wconf 96' lang='grc'><strong>11</strong></span> 
     </span>
     <span class='ocr_line' id='line_1_28' title="bbox 83 2904 1094 2977; baseline 0.001 -21"><span class='ocrx_word' id='word_1_212' title='bbox 83 2908 98 2956; x_wconf 83' lang='lat'>6</span> <span class='ocrx_word' id='word_1_213' title='bbox 117 2904 287 2959; x_wconf 86' lang='lat' dir='ltr'><strong>Arestotiles</strong></span> <span class='ocrx_word' id='word_1_214' title='bbox 309 2906 335 2960; x_wconf 77' lang='lat' dir='ltr'><em>G</em></span> <span class='ocrx_word' id='word_1_215' title='bbox 357 2908 366 2976; x_wconf 93' lang='grc'><strong>11</strong></span> <span class='ocrx_word' id='word_1_216' title='bbox 389 2911 405 2959; x_wconf 90' lang='grc'>8</span> <span class='ocrx_word' id='word_1_217' title='bbox 425 2910 552 2976; x_wconf 85' lang='lat' dir='ltr'><strong>tempora</strong></span> <span class='ocrx_word' id='word_1_218' title='bbox 576 2909 617 2977; x_wconf 86' lang='grc' dir='ltr'>Τ1</span> <span class='ocrx_word' id='word_1_219' title='bbox 635 2907 674 2960; x_wconf 86' lang='lat' dir='ltr'><strong>sic</strong></span> <span class='ocrx_word' id='word_1_220' title='bbox 694 2907 834 2962; x_wconf 86' lang='lat' dir='ltr'><strong>custodies</strong></span> <span class='ocrx_word' id='word_1_221' title='bbox 854 2907 1045 2976; x_wconf 63' lang='lat' dir='ltr'><strong>1&gt;stOE</strong></span> <span class='ocrx_word' id='word_1_222' title='bbox 1070 2923 1094 2958; x_wconf 92' lang='lat' dir='ltr'><strong>s1</strong></span> 
     </span>
     <span class='ocr_line' id='line_1_29' title="bbox 82 2975 1095 3048; baseline 0.003 -20"><span class='ocrx_word' id='word_1_223' title='bbox 82 2975 225 3030; x_wconf 85' lang='lat' dir='ltr'><strong>custodies</strong></span> <span class='ocrx_word' id='word_1_224' title='bbox 239 2978 266 3030; x_wconf 89' lang='lat' dir='ltr'><strong><em>L</em></strong></span> <span class='ocrx_word' id='word_1_225' title='bbox 282 2978 286 3047; x_wconf 96' lang='grc'>1</span> <span class='ocrx_word' id='word_1_226' title='bbox 304 2976 404 3030; x_wconf 88' lang='lat' dir='ltr'><strong>alitum</strong></span> <span class='ocrx_word' id='word_1_227' title='bbox 419 2979 476 3047; x_wconf 76' lang='lat' dir='ltr'><strong>PQ</strong></span> <span class='ocrx_word' id='word_1_228' title='bbox 486 2978 517 3046; x_wconf 83' lang='lat' dir='ltr'><strong>V,</strong></span> <span class='ocrx_word' id='word_1_229' title='bbox 538 2977 715 3046; x_wconf 85' lang='lat' dir='ltr'><strong>aliquantum</strong></span> <span class='ocrx_word' id='word_1_230' title='bbox 729 2980 765 3047; x_wconf 83' lang='lat' dir='ltr'><strong>F,</strong></span> <span class='ocrx_word' id='word_1_231' title='bbox 785 2978 885 3032; x_wconf 89' lang='lat' dir='ltr'><strong>alitum</strong></span> <span class='ocrx_word' id='word_1_232' title='bbox 904 2980 1029 3046; x_wconf 89' lang='lat' dir='ltr'><strong>tempore</strong></span> <span class='ocrx_word' id='word_1_233' title='bbox 1043 2977 1074 3031; x_wconf 83' lang='lat' dir='ltr'><em>E</em></span> <span class='ocrx_word' id='word_1_234' title='bbox 1086 2977 1095 3048; x_wconf 96' lang='grc'><strong>11</strong></span> 
     </span>
     <span class='ocr_line' id='line_1_30' title="bbox 83 3047 1092 3120; baseline 0.003 -21"><span class='ocrx_word' id='word_1_235' title='bbox 83 3051 97 3098; x_wconf 89' lang='grc'><strong>9</strong></span> <span class='ocrx_word' id='word_1_236' title='bbox 122 3047 286 3117; x_wconf 88' lang='lat' dir='ltr'><strong>eligendum</strong></span> <span class='ocrx_word' id='word_1_237' title='bbox 310 3051 360 3102; x_wconf 86' lang='lat' dir='ltr'><strong>ost.</strong></span> <span class='ocrx_word' id='word_1_238' title='bbox 394 3051 423 3101; x_wconf 88' lang='lat' dir='ltr'><strong>et</strong></span> <span class='ocrx_word' id='word_1_239' title='bbox 446 3050 477 3102; x_wconf 83' lang='lat' dir='ltr'><strong><em>E</em></strong></span> <span class='ocrx_word' id='word_1_240' title='bbox 502 3052 511 3118; x_wconf 96' lang='grc'><strong>11</strong></span> <span class='ocrx_word' id='word_1_241' title='bbox 540 3055 573 3102; x_wconf 84' lang='grc'>10</span> <span class='ocrx_word' id='word_1_242' title='bbox 602 3065 697 3103; x_wconf 88' lang='lat' dir='ltr'><strong>creare</strong></span> <span class='ocrx_word' id='word_1_243' title='bbox 725 3049 795 3104; x_wconf 87' lang='lat' dir='ltr'><strong>uelis</strong></span> <span class='ocrx_word' id='word_1_244' title='bbox 824 3051 853 3103; x_wconf 88' lang='lat' dir='ltr'><strong>et</strong></span> <span class='ocrx_word' id='word_1_245' title='bbox 880 3064 1014 3118; x_wconf 85' lang='lat' dir='ltr'><strong>generare</strong></span> <span class='ocrx_word' id='word_1_246' title='bbox 1036 3051 1067 3102; x_wconf 85' lang='lat' dir='ltr'><em>E</em></span> <span class='ocrx_word' id='word_1_247' title='bbox 1089 3050 1092 3120; x_wconf 96' lang='grc'>1</span> 
     </span>
     <span class='ocr_line' id='line_1_31' title="bbox 83 3118 1094 3191; baseline 0.004 -21"><span class='ocrx_word' id='word_1_248' title='bbox 83 3118 188 3172; x_wconf 85' lang='lat' dir='ltr'><strong>austeri</strong></span> <span class='ocrx_word' id='word_1_249' title='bbox 217 3118 274 3188; x_wconf 70' lang='lat' dir='ltr'><strong>Pp</strong></span> <span class='ocrx_word' id='word_1_250' title='bbox 302 3120 306 3190; x_wconf 97' lang='grc'>1</span> <span class='ocrx_word' id='word_1_251' title='bbox 337 3119 537 3189; x_wconf 90' lang='lat' dir='ltr'><strong>captandisunt</strong></span> <span class='ocrx_word' id='word_1_252' title='bbox 564 3120 647 3173; x_wconf 84' lang='lat' dir='ltr'><strong>flatus</strong></span> <span class='ocrx_word' id='word_1_253' title='bbox 671 3121 697 3174; x_wconf 85' lang='lat' dir='ltr'><strong><em>V</em></strong></span> <span class='ocrx_word' id='word_1_254' title='bbox 726 3125 735 3191; x_wconf 95' lang='grc'><strong>11</strong></span> <span class='ocrx_word' id='word_1_255' title='bbox 768 3126 799 3173; x_wconf 88' lang='grc'><strong>11</strong></span> <span class='ocrx_word' id='word_1_256' title='bbox 829 3137 862 3173; x_wconf 93' lang='lat' dir='ltr'><strong>ac</strong></span> <span class='ocrx_word' id='word_1_257' title='bbox 890 3118 976 3173; x_wconf 90' lang='lat' dir='ltr'><strong>sicine</strong></span> <span class='ocrx_word' id='word_1_258' title='bbox 1004 3121 1094 3174; x_wconf 89' lang='lat' dir='ltr'><strong>undas</strong></span> 
     </span>
     <span class='ocr_line' id='line_1_32' title="bbox 81 3190 1093 3262; baseline 0.003 -21"><span class='ocrx_word' id='word_1_259' title='bbox 81 3193 188 3244; x_wconf 86' lang='lat' dir='ltr'><strong>matres</strong></span> <span class='ocrx_word' id='word_1_260' title='bbox 206 3193 379 3244; x_wconf 88' lang='lat' dir='ltr'><strong>mortuorum</strong></span> <span class='ocrx_word' id='word_1_261' title='bbox 398 3191 443 3244; x_wconf 93' lang='lat' dir='ltr'><strong>uel</strong></span> <span class='ocrx_word' id='word_1_262' title='bbox 462 3191 596 3245; x_wconf 87' lang='lat' dir='ltr'><strong>uitiorum</strong></span> <span class='ocrx_word' id='word_1_263' title='bbox 615 3192 658 3262; x_wconf 74' lang='grc'>171</span> <span class='ocrx_word' id='word_1_264' title='bbox 676 3191 700 3244; x_wconf 91' lang='lat' dir='ltr'><strong>si</strong></span> <span class='ocrx_word' id='word_1_265' title='bbox 714 3208 767 3260; x_wconf 82' lang='lat' dir='ltr'><strong>pro</strong></span> <span class='ocrx_word' id='word_1_266' title='bbox 787 3191 827 3245; x_wconf 87' lang='lat' dir='ltr'><strong>sio</strong></span> <span class='ocrx_word' id='word_1_267' title='bbox 848 3190 944 3260; x_wconf 66' lang='grc'>91111</span> <span class='ocrx_word' id='word_1_268' title='bbox 963 3194 996 3245; x_wconf 95' lang='lat' dir='ltr'><strong>ut</strong></span> <span class='ocrx_word' id='word_1_269' title='bbox 1013 3195 1093 3246; x_wconf 90' lang='lat' dir='ltr'><strong>mort.</strong></span> 
     </span>
     <span class='ocr_line' id='line_1_33' title="bbox 84 3261 1095 3333; baseline 0.004 -20"><span class='ocrx_word' id='word_1_270' title='bbox 84 3261 180 3330; x_wconf 69' lang='lat' dir='ltr'><strong>Teuc,</strong></span> <span class='ocrx_word' id='word_1_271' title='bbox 208 3261 264 3332; x_wconf 82' lang='lat' dir='ltr'><strong>[ut]</strong></span> <span class='ocrx_word' id='word_1_272' title='bbox 288 3265 368 3316; x_wconf 89' lang='lat' dir='ltr'><strong>mort.</strong></span> <span class='ocrx_word' id='word_1_273' title='bbox 392 3279 428 3332; x_wconf 78' lang='lat' dir='ltr'><strong>ps</strong></span> <span class='ocrx_word' id='word_1_274' title='bbox 458 3265 461 3331; x_wconf 96' lang='grc'>1</span> <span class='ocrx_word' id='word_1_275' title='bbox 491 3263 537 3316; x_wconf 92' lang='lat' dir='ltr'><strong>uel</strong></span> <span class='ocrx_word' id='word_1_276' title='bbox 561 3262 739 3316; x_wconf 87' lang='lat' dir='ltr'><strong>initiaturum</strong></span> <span class='ocrx_word' id='word_1_277' title='bbox 758 3281 780 3330; x_wconf 82' lang='lat' dir='ltr'><strong>p</strong></span> <span class='ocrx_word' id='word_1_278' title='bbox 809 3266 813 3331; x_wconf 96' lang='grc'>1</span> <span class='ocrx_word' id='word_1_279' title='bbox 842 3261 957 3316; x_wconf 88' lang='lat' dir='ltr'><strong>nouella</strong></span> <span class='ocrx_word' id='word_1_280' title='bbox 980 3280 1030 3317; x_wconf 80' lang='lat' dir='ltr'><strong>om.</strong></span> <span class='ocrx_word' id='word_1_281' title='bbox 1046 3281 1068 3332; x_wconf 86' lang='lat' dir='ltr'><strong>p</strong></span> <span class='ocrx_word' id='word_1_282' title='bbox 1086 3263 1095 3333; x_wconf 96' lang='grc'><strong>11</strong></span> 
     </span>
     <span class='ocr_line' id='line_1_34' title="bbox 83 3333 1095 3404; baseline 0.002 -20"><span class='ocrx_word' id='word_1_283' title='bbox 83 3337 116 3385; x_wconf 86' lang='grc'>13</span> <span class='ocrx_word' id='word_1_284' title='bbox 137 3347 249 3400; x_wconf 86' lang='lat' dir='ltr'><strong>quoque</strong></span> <span class='ocrx_word' id='word_1_285' title='bbox 265 3333 291 3387; x_wconf 80' lang='lat' dir='ltr'><strong><em>G</em></strong></span> <span class='ocrx_word' id='word_1_286' title='bbox 304 3336 313 3404; x_wconf 94' lang='grc'><strong>11</strong></span> <span class='ocrx_word' id='word_1_287' title='bbox 328 3339 361 3387; x_wconf 89' lang='lat'><strong>15</strong></span> <span class='ocrx_word' id='word_1_288' title='bbox 381 3333 475 3387; x_wconf 86' lang='lat' dir='ltr'><strong>accitu</strong></span> <span class='ocrx_word' id='word_1_289' title='bbox 494 3333 535 3387; x_wconf 86' lang='lat' dir='ltr'><strong>ire</strong></span> <span class='ocrx_word' id='word_1_290' title='bbox 549 3337 654 3388; x_wconf 86' lang='lat' dir='ltr'><strong>uocant</strong></span> <span class='ocrx_word' id='word_1_291' title='bbox 667 3336 724 3388; x_wconf 88' lang='lat' dir='ltr'><strong>PL</strong></span> <span class='ocrx_word' id='word_1_292' title='bbox 738 3336 747 3403; x_wconf 95' lang='grc'><strong>11</strong></span> <span class='ocrx_word' id='word_1_293' title='bbox 762 3339 794 3388; x_wconf 90' lang='grc'><strong>16</strong></span> <span class='ocrx_word' id='word_1_294' title='bbox 814 3333 916 3387; x_wconf 90' lang='lat' dir='ltr'><strong>faciem</strong></span> <span class='ocrx_word' id='word_1_295' title='bbox 931 3334 962 3386; x_wconf 82' lang='lat' dir='ltr'><em>E</em></span> <span class='ocrx_word' id='word_1_296' title='bbox 973 3337 982 3404; x_wconf 96' lang='grc'><strong>11</strong></span> <span class='ocrx_word' id='word_1_297' title='bbox 997 3341 1029 3387; x_wconf 81' lang='lat'><strong>21</strong></span> <span class='ocrx_word' id='word_1_298' title='bbox 1050 3350 1095 3386; x_wconf 90' lang='lat' dir='ltr'><strong>ca-</strong></span> 
     </span>
     <span class='ocr_line' id='line_1_35' title="bbox 81 3402 1095 3475; baseline 0 -18"><span class='ocrx_word' id='word_1_299' title='bbox 81 3402 212 3472; x_wconf 88' lang='lat' dir='ltr'><strong>pricorno</strong></span> <span class='ocrx_word' id='word_1_300' title='bbox 235 3405 277 3472; x_wconf 83' lang='lat' dir='ltr'><strong>E,</strong></span> <span class='ocrx_word' id='word_1_301' title='bbox 306 3403 470 3474; x_wconf 87' lang='lat' dir='ltr'><strong>capricornu</strong></span> <span class='ocrx_word' id='word_1_302' title='bbox 496 3406 521 3459; x_wconf 80' lang='lat' dir='ltr'><em>G</em></span> <span class='ocrx_word' id='word_1_303' title='bbox 555 3407 558 3473; x_wconf 95' lang='grc' dir='ltr'>Ι</span> <span class='ocrx_word' id='word_1_304' title='bbox 591 3405 686 3474; x_wconf 88' lang='lat' dir='ltr'><strong>posita</strong></span> <span class='ocrx_word' id='word_1_305' title='bbox 714 3423 763 3460; x_wconf 84' lang='lat' dir='ltr'><strong>om.</strong></span> <span class='ocrx_word' id='word_1_306' title='bbox 784 3406 814 3457; x_wconf 82' lang='lat' dir='ltr'><strong><em>E</em></strong></span> <span class='ocrx_word' id='word_1_307' title='bbox 843 3407 845 3474; x_wconf 99' lang='grc'>1</span> <span class='ocrx_word' id='word_1_308' title='bbox 875 3405 998 3475; x_wconf 89' lang='lat' dir='ltr'><strong>gratiam</strong></span> <span class='ocrx_word' id='word_1_309' title='bbox 1020 3405 1068 3457; x_wconf 75' lang='grc' dir='ltr'><strong>Ε1</strong></span> <span class='ocrx_word' id='word_1_310' title='bbox 1086 3404 1095 3475; x_wconf 94' lang='grc'><strong>11</strong></span> 
     </span>
     <span class='ocr_line' id='line_1_36' title="bbox 83 3474 879 3546; baseline 0.004 -19"><span class='ocrx_word' id='word_1_311' title='bbox 83 3480 116 3528; x_wconf 75' lang='lat'><strong>22</strong></span> <span class='ocrx_word' id='word_1_312' title='bbox 136 3474 292 3528; x_wconf 87' lang='lat' dir='ltr'><strong>rediturum</strong></span> <span class='ocrx_word' id='word_1_313' title='bbox 314 3477 520 3546; x_wconf 64' lang='grc' dir='ltr'>ΤΕ1αο91123</span> <span class='ocrx_word' id='word_1_314' title='bbox 540 3476 707 3546; x_wconf 88' lang='lat' dir='ltr'><strong>tinguantur</strong></span> <span class='ocrx_word' id='word_1_315' title='bbox 725 3477 812 3546; x_wconf 72' lang='lat' dir='ltr'><strong>Pho</strong></span> <span class='ocrx_word' id='word_1_316' title='bbox 823 3478 879 3530; x_wconf 87' lang='lat' dir='ltr'><strong>VT</strong></span> 
     </span>
    </p>
   </div>
   <div class='ocr_carea' id='block_1_6' title="bbox 0 0 1274 3942">
    <p class='ocr_par' dir='ltr' id='par_1_9' title="bbox 0 0 1274 3942">
     <span class='ocr_line' id='line_1_37' title="bbox 0 0 1274 3942; baseline 0 1"><span class='ocrx_word' id='word_1_317' title='bbox 0 0 1274 3942; x_wconf 95' lang='lat' dir='ltr'><strong> </strong></span> 
     </span>
    </p>
   </div>
  </div>
 </body>
</html>
